3250 5160
501 371 720 440 Quadripertitus.
758 371 894 424 Dedicatr'o
914 369 1035 423 17-20.
1316 359 1355 416 79

183 575 328 634 carentes
352 575 383 633 et
405 571 537 634 honesta
559 571 718 653 prosapia,
745 570 840 652 longo
869 588 1075 630 uunrrnorum
1103 571 1267 630 stemmate
1290 567 1358 649 glo-

172 679 319 760 ¹riantur,
329 677 498 761 epycurr,
515 678 571 760 qui
587 677 762 739 multorum
776 677 941 738 facultates
957 695 1022 737 una
1037 676 1127 738 lance
1143 671 1358 754 consumunt,

184 786 372 866 effeminati,
397 785 515 868 quibus
531 803 655 867 semper
669 783 821 846 mulieres
835 783 959 866 ingrate
976 787 1063 863 sunt,
1088 784 1143 865 qui
1161 782 1357 844 oueullorum

184 892 384 956 deformitate
415 891 664 974 grandescuntl,
698 892 754 973 qui
787 891 922 953 vetitum
958 891 1091 972 pecunie
1128 889 1222 951 fenus
1250 906 1360 952 excer-

156 1039 158 1044 -
184 1005 272 1081 cent,
297 1001 353 1082 qui
376 999 587 1062 venundati⁰2
615 1003 689 1061 sunt
712 1004 749 1060 ut
770 995 963 1061 maleficiant
986 1002 1018 1060 et
1041 997 1097 1079 qui
1119 996 1258 1079 dampna
1280 1016 1360 1079 pup-

184 1108 269 1190 plica
291 1107 382 1171 malis
398 1106 604 1189 amplioribus
620 1111 806 1188 aggravant,
831 1105 887 1188 qui
901 1105 1039 1167 terciane
1054 1103 1194 1166 remedia
1214 1099 1361 1186 querunt,

185 1215 244 1296 qui
272 1233 453 1277 scurrarum
481 1214 611 1297 gremiis
639 1233 658 1276 a
685 1211 853 1276 cunabulis
880 1208 1104 1274 adoleveruntd
1133 1215 1164 1273 et
1190 1211 1360 1273 multarum

184 1321 356 1384 libidinum
381 1321 528 1384 sordibus
546 1321 742 1404 inplicantur
764 1325 794 1383 et
816 1319 934 1383 infiniti
957 1319 1171 1382 valitudinum
1188 1337 1362 1381 concursus

185 1429 394 1491 huiusmodi3
421 1429 577 1491 virtutum
606 1428 750 1491 omnium
773 1426 953 1490 veneranda
976 1427 1115 1509 presidia
1142 1426 1240 1488 variis
1266 1425 1362 1487 infor-

176 1536 352 1598 tuniorum
376 1535 641 1599 concitationibus
665 1539 900 1618 oppresserunt,
924 1535 1140 1596 transierunt4
1161 1535 1196 1596 in
1215 1533 1361 1596 affectum

185 1642 299 1706 cordis.
347 1641 413 1726 [17]
438 1641 583 1724 lusticia,
606 1642 770 1722 fortitude,
793 1641 1005 1725 providentia,
1029 1641 1258 1723 temperantia5
1280 1660 1363 1702 vana

186 1751 278 1833 vulgi
302 1755 448 1813 cementa
471 1754 553 1812 sunt.
601 1748 668 1832 [18]
692 1748 734 1811 ut
757 1751 786 1830 (ὁ
810 1751 948 1832 quauta6
971 1736 1235 1831 malignatus'est
1257 1748 1363 1810 inimi-

186 1877 245 1920 cus
269 1857 304 1919 in
328 1862 437 1920 sancto
446 1858 465 1936 1)
488 1857 639 1920 vitiorum
664 1857 808 1919 omnium
830 1856 959 1919 feditate
984 1856 1152 1937 deformes,
1176 1855 1253 1918 dum
1268 1873 1363 1938 pecu-

186 1965 275 2026 niam
306 1963 457 2045 habeant,
491 1968 736 2047 quantacunque
775 1963 938 2046 probitatis
970 1965 1072 2046 gratia
1103 1963 1297 2026 sublimatise
1329 1963 1362 2024 in

186 2072 318 2133 honoris
345 2072 504 2154 peticione
532 2071 644 2153 prelati
672 2071 760 2133 sunt!
808 2068 914 2133 Sobrii
938 2089 1055 2150 mores,
1080 2076 1111 2133 et
1135 2069 1243 2132 divine
1268 2073 1364 2152 atquc
1397 2121 1399 2126 .

186 2178 366 2242 inmortalis
390 2177 571 2258 substancia
595 2178 710 2256 veritas
734 2182 766 2240 et
788 2177 879 2240 beata
903 2195 1027 2261 semper
1049 2179 1229 2257 innocentie
1253 2177 1365 2258 palma,

187 2287 318 2364 scientie
350 2285 502 2348 nobilitas
535 2289 565 2347 et
597 2285 776 2367 eloquentie
809 2284 957 2368 splendor
990 2290 1021 2348 et
1057 2283 1222 2347 affluentes
1259 2289 1365 2364 eterne

187 2389 364 2455 felicitatisf
389 2396 534 2473 ornatus,
562 2392 678 2475 probra
705 2396 779 2454 sunt
806 2391 1009 2473 habentibus,
1038 2393 1065 2455 si
1089 2392 1295 2474 dampnatum
1319 2392 1365 2454 eis

187 2501 383 2583 paupertatis
425 2519 506 2562 onus
541 2498 713 2562 incumbat.
774 2498 840 2582 [19]
874 2499 971 2562 Nulla
1008 2499 1115 2582 divine
1151 2500 1365 2562 miserationis

120 2670 123 2675 ,
189 2625 298 2689 opera,
320 2607 411 2669 nulla
434 2607 592 2670 malorum
614 2606 741 2689 flagella
763 2607 945 2689 respiciunt.
993 2607 1059 2670 Ubi
1083 2611 1159 2670 sunt
1182 2609 1238 2690 qui
1254 2607 1397 2677 dicun,

188 2719 245 2776 tur
269 2713 309 2777 de
333 2732 482 2797 supremo
506 2713 706 2797 singulorum
732 2715 823 2776 exitu
838 2714 1001 2776 iudicare?
1035 2713 1192 2777 Videmus
1208 2714 1367 2776 bonorum

189 2820 288 2882 duros
312 2821 432 2902 exitus,
456 2816 629 2883 nocentum
651 2820 765 2883 felices.
813 2820 877 2884 Ubi
894 2827 970 2884 sunt
986 2823 1042 2904 qui
1058 2821 1215 2903 dicebant,
1238 2826 1367 2905 peccata

188 2927 305 2990 mundi
333 2947 389 3010 per
417 2928 484 2991 dies
517 2928 661 3010 singulos
694 2927 772 2990 diis⁸
804 2928 972 2991 ultricibus
1000 2930 1168 2992 nunciari?
1215 2929 1366 2992 Humano

189 3053 303 3096 sumus
332 3040 364 3097 et
392 3033 499 3096 divino
536 3034 654 3097 iuditio
692 3035 922 3117 propemodum
959 3036 1116 3116 destituti,
1150 3039 1252 3120 pene⁷
1276 3037 1367 3099 effusi

189 3146 267 3202 sunt
294 3160 422 3224 gressus
450 3143 527 3203 mei!
576 3139 643 3224 [20]
672 3141 766 3204 Addo
795 3147 936 3224 preterea
963 3145 1139 3227 malignum
1167 3163 1297 3227 prorsus
1319 3145 1368 3229 iu:

189 3247 277 3328 vidie
300 3247 435 3312 livorem
459 3252 491 3310 et
514 3248 726 3311 detractorum
748 3250 800 3312 vel
823 3250 857 3312 id
873 3269 975 3333 genus
991 3251 1134 3313 sordium
1151 3251 1368 3314 detestandam

190 3355 471 3436 consuetudinem,
495 3375 558 3437 quo
582 3375 616 3418 se
639 3353 857 3418 miseriarumh
886 3359 1030 3420 onmium
1058 3357 1181 3420 flebiles
1205 3377 1297 3421 casus
1320 3361 1368 3419 in-

190 3462 323 3524 defessis
347 3461 643 3525 continuationibus
666 3464 856 3526 transferant
879 3469 911 3527 et
933 3467 1036 3528 tocius
1060 3465 1255 3528 infelicitatis
1272 3484 1368 3528 onere

190 3574 371 3652 cunctaque
399 3569 634 3652 dampnationis
659 3571 934 3634 animadversione
962 3576 1142 3654 graventur.
1189 3571 1368 3647 Quisnam

160 3865 162 3870 ,
283 3835 308 3902 a)
327 3835 450 3902 Epicurei
468 3836 538 3889 roobl
556 3853 594 3888 aa
613 3836 775 3889 cerbesscrn.
840 3837 867 3904 1)
888 3840 1075 3890 consummunt
1093 3837 1155 3890 Dm.
1221 3839 1246 3905 ο)
1266 3854 1368 3890 venun-

191 3924 266 3977 danti
285 3924 347 3976 Dm.
404 3925 432 3991 d)
451 3923 614 3978 adoleverint
632 3924 694 3978 Dm.
751 3926 776 3992 e)
796 3925 965 3979 sublimitatis
986 3926 1047 3978 Dm.
1108 3926 1287 3993 tlfelicitates
1305 3927 1368 3978 Dm.

191 4014 219 4081 g]
239 4012 289 4066 aiis
308 4013 370 4066 Dm.
444 4013 472 4080 h)
491 4014 649 4067 miserarum
669 4014 730 4066 Dm.
1083 4031 1087 4048 ¹

285 4157 311 4224 1)
329 4156 389 4224 Vgl.
410 4156 477 4209 llinl.
497 4157 539 4210 49.
596 4157 622 4224 2)
641 4157 731 4210 IMac.
744 4160 772 4224 l,
790 4159 830 4210 16,
887 4159 914 4225 3)
933 4159 994 4211 Erst
1013 4159 1071 4212 hier
1089 4161 1169 4212 endet
1187 4161 1234 4212 das
1253 4159 1368 4227 Subject.

191 4247 220 4313 4)
241 4245 330 4298 Psalm
351 4245 397 4313 72,
418 4247 441 4298 7.
498 4246 525 4312 5)
545 4246 594 4298 Die
613 4246 671 4299 vier
689 4246 947 4313 Cardinaltugendeu
966 4248 1057 4301 riihmt
1075 4249 1215 4301 Verfasser
1233 4266 1268 4301 an
1286 4249 1369 4301 Hein-

191 4335 252 4388 rich
270 4335 291 4387 Ι.
311 4334 338 4386 ΙΙ
356 4334 442 4389 Praef.
464 4336 505 4386 14.
561 4335 588 4401 6)
608 4334 695 4388 Psalrn
716 4336 763 4404 73,
784 4337 807 4388 3.
873 4337 899 4403 7)
918 4336 1010 4389 Psalnr
1029 4337 1075 4404 72,
1096 4337 1119 4388 2.
