3240 5164
220 379 315 445 Quadr.
335 380 375 434 ll:
401 379 442 434 12.
463 379 581 434 Gerhard
600 398 625 434 v.
645 379 717 434 York
737 397 770 434 an
790 381 899 434 Ansclm
918 399 943 434 v.
964 381 1037 436 Cant.
1057 381 1130 436 Ende
1150 383 1227 438 1105.
1272 371 1333 430 157

88 591 133 645 [10]
160 583 213 642 sed
236 587 391 642 temerator
413 589 444 643 et
466 583 606 659 profanus
629 583 778 643 existeret.
816 583 920 642 Nescis
943 584 1015 660 quid
1038 583 1144 661 possis,
1167 585 1237 662 quia
1260 585 1336 644 scire

159 708 221 749 nou
244 690 303 762 vis;
328 691 380 749 sed
403 708 495 748 unum
520 690 610 765 scias,
639 691 709 768 quia
731 691 890 750 commissa
912 691 967 749 tibi
991 691 1115 751 ecclesia
1137 710 1196 752 uon
1219 697 1335 751 tanturn

158 798 326 872 tributaria,
360 799 411 857 sed
442 798 587 856 tributum
619 799 696 856 facta
728 804 774 856 est
805 798 897 857 fisci.1
947 799 995 856 Me
1022 799 1113 858 habes
1140 817 1236 876 usque
1263 800 1335 858 adeo

159 904 372 980 obedientem,
386 911 420 963 ut
447 905 478 963 in
508 905 556 964 die
578 905 680 972 iudicii
703 923 762 965 non
785 905 905 964 debeam
929 925 947 964 a
969 912 999 965 te
1022 906 1220 966 inobedientie
1242 907 1335 981 argui.

159 1010 218 1071 Ora
250 1030 303 1088 pro
335 1015 395 1071 me!
452 1013 500 1072 Sic
532 1012 586 1072 tibi
617 1013 692 1072 assit
723 1013 805 1071 favor
838 1012 945 1072 Divino
975 1013 1081 1089 gratie,
1114 1032 1151 1073 ne
1184 1013 1236 1090 qui
1267 1019 1335 1073 ante

159 1121 381 1196 temptationem
397 1138 504 1196 magna
517 1120 670 1196 promitto,
693 1138 793 1195 regem
813 1120 844 1178 iu
859 1121 1051 1196 temptatione
1065 1122 1204 1181 advocem
1218 1121 1334 1180 ancille.

86 1235 133 1289 [11]
252 1227 455 1286 ²Venerabilis
479 1228 571 1304 patris
594 1227 687 1286 nostri
709 1227 855 1301 litterasss,
880 1233 964 1306 pater
982 1227 1183 1302 dilectissime,
1207 1229 1335 1304 suscepi,

159 1335 196 1393 de
225 1353 351 1412 quarum
377 1335 582 1394 benedictione
610 1335 735 1411 inpense
763 1335 864 1410 gavisa
892 1340 938 1394 est
960 1336 1059 1394 anima
1082 1354 1154 1395 mea.
1204 1336 1243 1394 Et
1265 1335 1335 1396 licet

159 1442 245 1500 aliter
268 1461 357 1519 quam
380 1443 540 1501 meruerim
563 1461 610 1501 ms
633 1441 796 1517 tetigerint,
820 1442 972 1518 castigatio
995 1448 1094 1502 tamen
1110 1461 1211 1502 earum
1228 1443 1335 1519 super4

159 1549 219 1608 mel
243 1554 273 1608 et
295 1549 397 1609 favum
420 1550 516 1609 dulcis
540 1553 586 1608 est
608 1550 691 1609 mihi.
739 1549 834 1626 Super
857 1568 946 1609 causa
968 1555 1031 1624 tua,
1060 1551 1150 1609 immo
1174 1555 1204 1610 et
1226 1555 1354 1621 nostra,

159 1675 208 1716 me
245 1658 416 1735 admonent,
459 1657 650 1716 admonitioni
683 1657 877 1732 congratulor.
938 1655 1143 1717 Obedientiam
1177 1658 1335 1717 admodum

159 1763 332 1824 difficilem⁵
353 1765 526 1842 injungunt3
552 1765 602 1824 scd
627 1769 656 1823 et
678 1764 733 1823 hec
752 1764 892 1840 inplenda
908 1770 955 1823 est
969 1783 1022 1841 pro
1037 1783 1125 1841 posse
1139 1783 1213 1824 meo.
1253 1765 1335 1824 Tuus

160 1891 240 1947 sum,
273 1873 343 1949 quia
374 1877 407 1930 tu
430 1873 485 1931 Dei
518 1889 559 1932 es.
610 1871 814 1948 Transcriptas
842 1872 927 1930 vobis
954 1873 1068 1931 litteras
1095 1872 1192 1948 mitto,
1220 1877 1255 1930 ut
1281 1891 1336 1949 per

160 1979 299 2038 nuntium
330 1984 462 2038 vestrum
493 1978 668 2053 mandastis,
706 1984 807 2037 sancte
838 1979 907 2037 fidei
939 1984 1035 2038 vestre
1069 1979 1211 2057 quicquid
1242 1980 1335 2038 vultis

160 2085 310 2147 credens.“

90 2201 133 2254 112]
254 2185 377 2265 ,⁶Patri
400 2184 494 2258 iilius,
517 2185 659 2244 Anselmo
683 2184 844 2244 venerabili
867 2184 1087 2261 archiepiscopo
1103 2183 1140 2244 G.
1157 2185 1283 2244 salutem
1306 2189 1336 2243 et

160 2294 368 2352 obedientiam!
469 2292 526 2350 Ubi
549 2292 678 2368 primum
701 2311 719 2350 a
741 2293 870 2352 vanitate
902 2292 954 2350 illa
977 2293 1110 2351 animum
1132 2293 1280 2367 revocavi,
1303 2293 1335 2350 in
1417 2298 1427 2309 “

160 2419 219 2478 qua
246 2404 346 2459 errant
373 2400 514 2459 adversus
546 2400 752 2476 paternitatem
779 2405 861 2458 tuam
889 2405 985 2459 erecta
1012 2400 1128 2459 cervice
1154 2400 1209 2459 filii
1236 2401 1334 2474 alieni,

159 2507 292 2566 veritatis
314 2507 365 2566 ille
389 2507 541 2584 splendor,
565 2525 653 2584 quem
676 2508 760 2583 prius
783 2507 867 2566 velut
889 2507 966 2566 inter
989 2507 1091 2566 nubila
1110 2507 1334 2567 subrutilantem

159 2616 296 2674 videbam
329 2615 383 2674 sed
410 2615 616 2690 diffugientem
645 2633 704 2673 non
727 2616 875 2689 tenebam,
903 2615 1012 2673 mirum
1040 2615 1072 2672 in
1095 2615 1215 2674 modum
1238 2615 1334 2673 anime

159 2741 226 2782 mee
253 2723 444 2781 manifestum
472 2740 504 2780 se
532 2722 648 2780 infudit.
699 2721 782 2780 'lunc
809 2722 929 2781 demum
957 2722 1088 2799 pericula
1115 2722 1220 2799 partis,
1248 2722 1334 2782 cuius

159 2830 275 2907 corpori
303 2830 493 2904 adherebam,
521 2829 628 2888 intueri
658 2830 805 2888 attencius
833 2829 911 2908 cepi;
944 2829 1064 2908 vidique
1091 2834 1121 2889 et
1147 2830 1246 2904 video,
1279 2848 1335 2889 uec

159 2938 225 2997 falli
248 2938 349 3010 timeo,
374 2936 443 3014 quia
466 2954 525 2995 non
548 2936 636 3012 longe
658 2938 694 2995 ab
717 2937 814 2996 heresi
837 2937 948 2996 recedit
968 2937 1147 3014 quicumque
1166 2937 1199 2996 in
1214 2938 1262 2996 his
1277 2956 1334 3014 que

160 3044 285 3104 ecclesie
313 3050 382 3104 sunt
409 3044 546 3105 dissentit
572 3049 602 3103 et
628 3043 778 3103 adversari
805 3043 911 3102 nititur
933 3043 1119 3120 generalibus
1143 3044 1274 3104 conciliis
1297 3045 1335 3103 de

159 3152 256 3229 ipsius
280 3151 342 3211 rei⁷
364 3152 563 3228 prohibitione
586 3151 672 3210 factis
688 3151 812 3228 ejusque
828 3152 987 3227 sententie,
1011 3151 1113 3210 cuius⁸
1135 3170 1194 3210 vox
1216 3157 1246 3211 et
1269 3170 1334 3228 per-

160 3278 233 3319 sona
264 3261 462 3336 apostolorum
495 3259 658 3336 principem
686 3259 808 3318 Petrum
840 3259 949 3318 mundo
979 3263 1175 3335 representat;
1208 3260 1234 3319 si
1267 3259 1334 3335 quis

160 3386 231 3426 vero
254 3372 356 3426 contra
378 3367 511 3442 ejusdem
535 3365 717 3426 auctoritatis
740 3367 912 3442 gravitatem
938 3366 1067 3442 Spiritus
1093 3367 1186 3426 sancti
1209 3367 1333 3442 gratiam

250 3534 276 3602 a)
295 3534 337 3585 cui
359 3533 384 3586 Τ.

252 3641 278 3708 1)
301 3641 449 3693 Besonders
474 3639 572 3709 uulso
600 3641 730 3707 erpresste
754 3637 877 3690 Heinrich
901 3638 922 3691 l.
948 3636 1014 3690 Gold
1038 3653 1085 3689 zur
1107 3636 1261 3705 liroberung
1287 3638 1335 3690 der

160 3729 333 3796 Normandi03
357 3729 410 3799 agl.
430 3729 551 3797 Eadmsr,
571 3727 638 3782 Nov.
657 3728 705 3780 IV.
774 3728 801 3795 2)
823 3725 902 3780 Wohl
921 3726 1098 3780 Nachschrift.
1163 3727 1190 3794 3)
1210 3725 1335 3780 Offenbar

160 3817 383 3886 1111116029,
408 3819 511 3872 woraul
527 3817 646 3871 Gerhard
669 3817 735 3871 oben
753 3817 792 3885 II,
812 3817 828 3870 9
847 3818 1008 3870 antwortete.
1063 3816 1091 3884 4)
1114 3815 1205 3869 Psalm
1225 3815 1270 3884 18,
1292 3818 1333 3868 11.

160 3911 188 3971 5)
207 3910 262 3962 Der
280 3909 361 3976 Papst
380 3909 507 3976 forderte,
527 3908 646 3961 Garhard
665 3906 729 3960 solle
748 3923 832 3976 gagen
856 3907 903 3960 des
921 3906 1021 3975 Konigs
1040 3905 1125 3959 Rathe
1144 3906 1193 3958 rnit
1211 3904 1334 3958 Vcrkiin·

161 4001 233 4068 dung
247 4000 294 4053 des
303 4000 408 4052 Bannes
422 4000 476 4052 und
485 3997 738 4051 Verhehrsabbruch
757 3997 894 4065 vorgehen.
950 3997 978 4064 6)
997 3999 1028 4049 A.
1041 3997 1118 4064 1105,
1138 3997 1206 4064 Aug.
1218 4026 1249 4033 —
1261 3995 1333 4063 Dec,

160 4089 376 4143 wahrscheinlich
397 4090 508 4157 August.
546 4086 696 4156 Schmita,
716 4087 835 4140 Gerhard
853 4102 904 4139 von
923 4086 995 4139 York
1014 4086 1114 4154 (Progr.
1129 4084 1250 4138 Realsch.
1271 4084 1333 4138 Ore·

161 4177 215 4231 feld
236 4177 315 4246 1884)
334 4196 359 4246 p.
378 4178 395 4231 8
414 4177 509 4245 meint,
534 4180 588 4229 erst
605 4176 678 4229 Mira
699 4177 767 4230 1106
791 4175 917 4228 schliesse
940 4176 995 4228 sich
1017 4175 1134 4227 Gerhard
1154 4173 1265 4227 Ansehn
1288 4190 1333 4240 an,

161 4267 409 4320 wahrscheiulicher
436 4267 502 4320 doch
531 4267 612 4319 sofort
639 4266 678 4318 als
707 4266 749 4318 dic
772 4267 860 4318 Kronc
888 4265 935 4316 mit
963 4265 1061 4317 diesem
1086 4264 1196 4316 Friedeu
1221 4263 1332 4314 machte.

162 4359 189 4420 7)
207 4357 359 4409 Investitur.
