3250 5160
449 387 666 456 Quadripertitus,
705 387 841 442 Dedicatio
860 388 982 441 25-29.
1259 377 1297 436 81

116 588 232 670 itaque
255 587 364 650 futura
387 587 427 649 de
450 592 480 650 te
504 586 638 669 iudicia,
661 587 737 650 dum
761 605 812 650 me
834 587 911 650 talia
933 587 1165 671 professorum·
1187 606 1301 650 manus

117 693 240 777 inpure
273 695 467 757 convenient
495 694 589 757 etad
618 694 744 778 singula
767 695 1024 758 conclamabunt:
1059 695 1132 757 ‘hoo
1155 695 1301 777 ineptum

117 805 184 883 est,
217 801 279 863 hoc
306 801 485 864 invalidum
493 799 510 880 ’,
542 802 592 864 vel
621 801 775 885 quioquid
803 801 844 864 ad
872 801 1061 884 egerendam
1091 802 1157 864 dire
1185 801 1300 864 mentis
1409 807 1412 812 '

117 927 178 988 sue
208 905 440 991 petulantiamb
468 908 608 972 ledorie1
636 909 686 971 vel
714 913 923 972 scommatum
951 908 1062 972 verbis
1085 913 1140 971 aut
1163 907 1301 978 motibus

118 1016 299 1078 occurrerit
325 1016 558 1099 intempestum.
607 1014 673 1099 [25]
697 1014 807 1099 Iniqui
836 1017 921 1079 enim
949 1020 1024 1080 sunt
1050 1020 1082 1078 et
1104 1016 1187 1080 malo
1212 1014 1301 1098 digni

117 1121 248 1185 iudices
277 1124 333 1204 qui
360 1122 399 1185 de
426 1123 598 1206 incognitis
627 1123 723 1186 rebus
750 1122 893 1186 iudicare
921 1123 1072 1187 festinant
1099 1128 1131 1186 et
1153 1141 1301 1207 persona-

116 1249 197 1291 rum
220 1230 351 1292 nomina
374 1231 475 1312 magis
500 1235 611 1316 quamc
633 1249 740 1292 rerum
756 1231 869 1293 merita
883 1235 1102 1314 prosecuntur,
1126 1229 1182 1312 qui
1198 1229 1301 1293 severi

117 1355 271 1399 censores
294 1341 326 1400 et
349 1336 567 1420 obiurgatores
583 1336 801 1419 quorumlibet
820 1336 903 1400 fiunt
924 1337 1111 1420 priusquam
1132 1338 1300 1419 utriusque

117 1444 221 1526 partis
245 1444 374 1526 negotia
396 1442 578 1526 didicerint,
602 1448 633 1506 et
656 1445 867 1507 communiter
890 1445 942 1508 vel
964 1445 1115 1528 partiliter
1131 1444 1222 1507 electi
1238 1445 1302 1507 sint

118 1551 194 1614 sive
224 1550 388 1614 constituti
415 1551 538 1614 iudices
566 1570 662 1634 super
688 1547 770 1614 illad.
814 1550 880 1634 [26]
904 1550 1111 1635 Expectando
1134 1551 1302 1614 videbatur

119 1658 236 1721 saltem
260 1657 363 1720 bone2
386 1658 562 1722 voluntatis
585 1659 761 1742 inpunitas!
800 1657 939 1742 Exigere
962 1658 1163 1723 decreveram
1186 1660 1301 1741 gratia-

119 1785 197 1827 rum
222 1766 378 1829 actiones:
405 1770 437 1828 et
459 1765 653 1828 invectiones
675 1764 824 1829 redeunt!
872 1753 896 1828 6
919 1766 1131 1848 invectiones,
1158 1767 1176 1828 ό
1200 1766 1300 1829 homi-

119 1892 195 1954 nes,
229 1874 247 1935 ό
282 1877 425 1954 tempora
458 1873 492 1934 in
521 1871 637 1955 quibus
674 1874 780 1936 omnia
820 1874 1009 1957 preposteris
1037 1877 1149 1955 nature
1177 1873 1300 1956 legibus

121 1999 235 2042 eversa
263 1980 492 2063 conspicimus!
540 1978 606 2062 [27]
631 1978 710 2043 Inde
739 2000 811 2042 sum
839 1980 959 2061 (fateor)
989 1979 1027 2042 de
1056 1980 1176 2044 rustico
1200 1981 1301 2043 causi-

122 2086 231 2166 dicus,
264 2090 295 2149 et
326 2105 407 2169 pene
434 2087 498 2149 iam
526 2089 683 2168 satyricus
719 2087 923 2150 formidolosa
955 2087 1103 2150 tarditate
1135 2105 1298 2170 procurro:

121 2193 310 2276 „Occupet3
334 2199 513 2257 extremum
537 2194 674 2256 scabies!
721 2193 910 2278 Nuperne“4
937 2194 1109 2277 reponam?
1154 2194 1300 2259 insanire

120 2298 261 2378 iuvatf53
294 2301 390 2363 faoit⁶
421 2301 598 2384 indignatio
626 2302 780 2363 versum.“
832 2300 898 2385 [28]
927 2301 995 2364 Nec
1022 2302 1085 2363 iam
1113 2320 1224 2364 vereor
1250 2303 1300 2363 in-

121 2407 288 2490 dignantis
312 2408 412 2470 animi
435 2407 571 2470 turbidis
587 2407 798 2471 seditionibus
813 2406 975 2472 Eusebio⁷
999 2408 1113 2470 sociari
1129 2407 1189 2472 sub
1206 2427 1300 2491 opere

120 2513 308 2596 multiplici,
333 2513 417 2598 quod
441 2515 578 2578 intendit
602 2514 749 2577 omnibus
772 2533 887 2598 penam
911 2515 1012 2595 vitiis,
1040 2515 1177 2598 pretium
1201 2516 1299 2578 virtu·

121 2621 211 2684 tibus
235 2626 267 2685 et
290 2625 376 2685 tanto
393 2620 588 2685 difficiliores
605 2625 820 2703 consummate,
842 2621 1003 2705 diligentie
1024 2622 1130 2685 reddit
1145 2641 1299 2704 accessus,

121 2733 244 2811 quanto
268 2730 375 2811 pravis
398 2729 627 2812 cupiditatibus
653 2729 865 2811 fomentisque
889 2728 1069 2813 disparibus
1089 2747 1196 2791 rerum
1217 2730 1299 2792 veri-

120 2841 170 2898 tas
204 2841 419 2919 oppugnatur,
451 2841 531 2919 quot
556 2837 705 2919 negotiis,
737 2841 783 2898 tot
810 2837 977 2899 sententiis
1006 2840 1038 2899 et
1060 2855 1165 2899 errore
1193 2837 1299 2900 dubiis

121 2941 385 3006 altercationibus
407 2941 574 3006 infirmata

214 3047 270 3116 [29]
290 3046 410 3100 Genera⁸
433 3063 572 3100 causarum
595 3047 646 3100 tria
665 3047 804 3100 suerent:
824 3046 1045 3115 Deliberativum,
1070 3047 1162 3099 ouius
1187 3049 1299 3101 modus
1317 3066 1387 3108 isidor
1401 3067 1474 3120 atym.

121 3135 224 3204 duplex
243 3138 294 3188 est:
320 3137 407 3190 suasio
427 3139 454 3190 et
472 3137 600 3190 dissuasio
620 3137 718 3204 (suasio
737 3135 903 3204 tripliciter
921 3136 1058 3189 dividitur:
1082 3137 1206 3204 honesto,
1230 3137 1298 3204 utili,
1317 3137 1416 3232 11]]
1436 3139 1449 3179 3

121 3224 267 3293 possibili),
286 3225 317 3277 in
337 3242 397 3293 quo
416 3226 476 3294 plus
496 3225 585 3279 valent
603 3242 663 3293 spes
683 3228 709 3278 et
728 3227 827 3288 metus3
847 3225 1084 3279 demonstrativum
1094 3225 1215 3279 habebat
1233 3227 1299 3279 duas
1361 3223 1410 3297 425

121 3314 240 3382 species,
269 3314 376 3368 laudem
400 3318 426 3368 et
449 3314 683 3383 vituperationem,
712 3331 845 3381 quorum
873 3314 936 3367 ordo
959 3315 1105 3368 trifariam
1129 3315 1300 3384 distinguitur

213 3513 239 3578 a)
259 3510 409 3579 professum
433 3511 528 3564 1111111
547 3511 668 3577 bessem,
688 3511 752 3563 odor
775 3510 838 3564 talia
855 3511 933 3563 1111111
952 3510 1008 3577 auf
1021 3511 1066 3564 die
1085 3512 1162 3564 letata
1181 3511 1299 3566 Ansiobt

122 3601 180 3668 (des
199 3599 369 3666 Vcrfasscrs)
388 3600 508 3652 conderer
526 3599 583 3666 auf
596 3600 641 3652 die
659 3599 751 3666 eoripc
766 3600 824 3667 (dor
843 3599 958 3667 chner)
973 3617 1011 3652 1111
1029 3599 1162 3654 bostelen.
1205 3602 1231 3668 b)
1250 3619 1298 3672 ue-

121 3689 264 3742 tulentiam
285 3689 347 3742 Dm.
413 3690 437 3756 o)
457 3705 510 3758 qua
528 3681 590 3740 Dm.
655 3689 682 3756 d)
702 3688 761 3742 illas
780 3688 842 3741 Dm.
899 3690 923 3756 e)
943 3705 1031 3759 nupne
1050 3690 1119 3742 wohl
1137 3707 1190 3742 aas
1209 3693 1298 3761 urique

120 3778 253 3832 vorderbt.
310 3777 424 3846 oiubet
441 3777 502 3831 Dm.

154 3891 156 3897 ¹
215 3903 242 3970 1)
260 3902 386 3955 Macrobii
406 3901 511 3956 Satum.
531 3904 560 3968 7,
581 3904 604 3955 3.
692 3902 719 3970 2)
739 3902 798 3970 Vgl.
817 3903 902 3971 ΗΠΒ,
922 3904 946 3956 6.
1020 3904 1047 3971 3)
1070 3903 1099 3957 0.
1119 3922 1139 3956 e.
1160 3922 1181 3956 s.
1202 3905 1297 3974 Horaz,

121 3993 170 4062 Ep.
196 3992 230 4045 ad
254 3991 364 4045 Pisones
387 3993 448 4044 417.
521 3992 651 4060 4)W0h1
674 4008 722 4046 aus
745 3991 859 4045 Juvenal
879 3994 907 4058 l,
929 3993 956 4044 l:
986 3992 1098 4060 Semper
1121 4011 1167 4061 epo
1186 3995 1299 4047 auditor

121 4079 254 4135 lamma?
273 4080 471 4149 Numquamne
489 4079 642 4149 reponam?
664 4081 805 4134 Veriasser
823 4080 877 4133 will
895 4081 1174 4149 langeBeobaohtetes
1193 4083 1298 4137 endlioh

121 4170 265 4224 achildem.
313 4169 418 4237 5)an
439 4169 524 4223 Oarm.
544 4171 573 4238 3,
591 4170 632 4237 19,
649 4169 689 4223 18.
727 4171 754 4237 6)
774 4170 794 4237 f.
814 4170 854 4222 111.
873 4187 897 4222 o.
916 4171 1011 4238 Juvl,
1027 4172 1068 4225 79.
1111 4174 1138 4240 7)
1158 4172 1200 4224 Vf.
1221 4171 1300 4241 spielt

120 4259 260 4313 vielleioht
279 4275 313 4311 an
323 4259 370 4311 auf
386 4258 425 4310 Dc
448 4259 577 4326 operibus
597 4258 676 4310 honis
695 4259 824 4312 cimolos
847 4261 925 4311 uuter
948 4261 993 4312 des
1012 4261 1143 4312 Eusebius
1162 4278 1212 4314 von
1233 4262 1297 4314 Cae-

120 4364 200 4403 sarea
209 4347 314 4415 Scripta
323 4347 409 4402 dubia.
447 4347 475 4414 8)
486 4347 565 4400 Diese
576 4345 656 4399 Stello
667 4348 730 4401 oder
744 4347 860 4401 dieselbe
871 4347 964 4412 Quelle
979 4349 1045 4401 wird
1059 4350 1170 4402 benutzt
1183 4351 1210 4402 in
1219 4350 1262 4402 Hn
1273 4351 1298 4402 4.

166 4453 364 4506 Liebermann,
383 4453 564 4506 Quadripertitus.
1119 4445 1137 4502 6
