3240 5164
236 363 284 430 Qu.
295 364 334 417 Il:
355 364 396 418 19.
411 363 540 417 Heinrich
554 364 574 417 Ι.
590 364 657 419 iiber
666 363 816 417 Grafschaft
836 381 860 416 u.
875 365 1084 418 Hundertschait
1103 365 1252 420 1109-11.
1294 355 1355 412 165

62 577 106 631 [11‚
124 578 159 631 rs]
184 566 371 626 animandis·
394 565 536 625 uxoribus
558 571 589 626 et
612 570 643 624 de
658 569 766 623 vitanda
780 568 885 624 earuml’
895 569 1096 625 conversatione
1111 573 1137 624 et
1151 571 1183 624 de
1193 569 1357 625 districcione

184 684 308 736 censure,
340 668 363 722 si
386 669 484 722 statuta
510 668 667 737 transgressi
695 668 813 722 luerint.
855 667 893 737 [8]
920 668 1049 722 Iurabunt
1076 668 1156 722 etiam
1183 668 1358 725 archidiaconi

184 773 289 825 ornnes,
318 757 387 826 quod
415 756 555 826 pecuniam
582 773 633 810 non
662 757 791 826 accipient
814 773 860 826 pro
883 757 1020 812 toleranda
1042 759 1249 827 transgressione
1277 759 1357 814 huius

184 855 285 924 statuti,
300 856 346 910 sed
361 871 463 924 neque
478 854 546 910 ullo
560 857 650 911 modo
664 855 815 910 tolerabunt
828 856 986 925 presbiteros
1008 855 1162 912 uxoratos⁰
1185 858 1291 912 cantare
1313 857 1357 911 vel

184 963 297 1017 vicarius
316 962 426 1031 habere,
446 961 491 1016 et‘1
519 959 598 1036 quod
630 959 689 1036 ipsi
717 978 777 1019 non
804 959 1034 1019 dissimulabunt
1061 977 1114 1038 per
1141 959 1357 1020 archidiacona-

183 1069 250 1124 tus⁰
279 1083 348 1125 suos
376 1065 432 1124 hoc
454 1069 585 1138 inquirere
608 1070 639 1124 et
665 1066 791 1126 fideliter
819 1065 965 1145 episcopis
993 1065 1056 1126 suis
1083 1063 1309 1127 renuntiabunt‘
1328 1073 1358 1127 et

183 1177 296 1232 attente
318 1177 348 1232 et
371 1173 499 1232 fideliter
521 1173 558 1232 de
582 1174 770 1250 exsequenda
792 1173 882 1233 huius
904 1176 948 1232 rei
971 1174 1102 1244 vindicta
1117 1173 1271 1252 episcopos
1288 1192 1357 1234 suos

183 1281 372 1340 adiuvabunt.
406 1283 534 1337 Similiter
551 1286 578 1337 et
596 1285 688 1338 decani
706 1285 756 1338 hec
775 1286 868 1338 eadem
887 1301 933 1354 per
952 1285 1041 1339 omnia
1059 1285 1190 1342 iurabant.
1229 1285 1281 1352 Qui
1293 1303 1358 1340 vero

183 1382 384 1436 archidiaconus
408 1381 451 1435 vel
475 1383 590 1436 decanus
613 1383 681 1436 hec⁸
703 1383 791 1437 iurare
810 1383 936 1452 noluerit,
960 1383 1200 1438 archidiaconatum
1218 1384 1262 1437 vel
1280 1386 1357 1439 deca-

183 1480 256 1533 niam
269 1480 508 1549 irrecuperabiliter
522 1481 623 1548 perdet.
661 1481 699 1550 [9]
709 1481 853 1536 Presbiteri
866 1498 930 1536 vero
944 1482 989 1551 qui
1008 1482 1107 1536 relictis
1121 1473 1282 1538 uxoribus*
1300 1483 1357 1537 Deo

184 1581 211 1631 et
230 1578 313 1632 sacris
327 1577 473 1632 ordinibus¹
497 1583 596 1633 servire
612 1578 748 1649 elegerint,
767 1579 818 1632 XL
837 1579 912 1634 diesk
930 1581 963 1635 ab
983 1581 1068 1635 officio
1088 1583 1230 1650 cessantes,
1250 1597 1296 1649 pro
1315 1579 1357 1635 se¹

184 1667 298 1722 vicarios
316 1667 460 1736 habebunt,
484 1668 600 1723 iniuncta
618 1669 657 1722 eis
680 1669 824 1737 penitentia
851 1670 997 1724 secundum
1020 1671 1090 1739 quod
1114 1670 1243 1738 episcopis
1266 1686 1357 1724 eorum

183 1757 273 1810 visum
291 1757 402 1810 fueritm.

115 2022 159 2075 [19]
352 1993 520 2071 1Epistola'¹
542 1994 666 2054 Henrici
693 1996 772 2071 regis
795 1996 834 2054 ed
856 2013 958 2056 omnes
980 1996 1084 2056 fideles
1107 2014 1185 2056 suos.

273 2123 419 2192 Hannone,
438 2120 494 2178 Dei
517 2120 611 2196 gratia
633 2123 845 2194 rexAnglorum,
861 2124 999 2178 omnibus²
1017 2112 1234 2194 fidelibus'suiS,
1249 2126 1357 2181 Francis

184 2223 212 2274 et
235 2221 340 2292 Anglis,
368 2221 493 2276 salntem!
531 2222 587 2292 [1⁰]
606 2221 713 2290 Sciatis,
742 2223 831 2291 quadr
859 2223 972 2276 concedo
1000 2225 1027 2276 et
1049 2223 1176 2293 precipio,
1205 2226 1236 2277 ut
1262 2225 1357 2278 amodo

184 2311 343 2364 comitatus<l
366 2311 418 2364 mei
442 2313 469 2366 et
487 2311 617 2366 hundreta
635 2312 662 2364 in
685 2311 738 2364 illis
757 2311 821 2367 locis
841 2313 868 2365 et
885 2312 984 2366 eisdem
1003 2312 1123 2366 terminis
1142 2313 1263 2382 sedeant,
1287 2314 1358 2368 sicut

184 2411 309 2464 sederunt
331 2410 358 2462 in
381 2412 500 2478 tempore
521 2410 591 2480 regis
614 2411 780 2477 Eadwardi¹3
809 2413 835 2464 et
863 2426 915 2464 non
938 2409 1022 2464 aliter.
1070 2411 1107 2480 [2]
1139 2407 1179 2466 Et
1210 2408 1291 2483 n010,
1323 2413 1357 2467 ut

183 2513 346 2572 vicecomes
383 2516 482 2572 meus⁵
513 2517 633 2590 propter
669 2513 788 2591 aliquod
820 2513 1019 2572 necessarium
1053 2531 1154 2588 suum,
1187 2514 1266 2591 quod
1300 2515 1357 2574 eibi

182 2757 319 2811 rebellis
343 2757 496 2812 extiterit
519 2761 550 2812 et
572 2758 704 2812 missam
728 2757 896 2812 celebrare
919 2759 1172 2828 presumpserit,
1196 2760 1234 2813 ad
1256 2760 1356 2814 satis-

184 2847 360 2902 factionem
378 2849 527 2917 voeetur,
547 2865 638 2917 quam
658 2849 686 2901 si
704 2865 766 2902 non
784 2848 914 2917 lecerit,
933 2848 1357 2918 excommunicaturfriptBr

182 2937 243 2990 aad
260 2937 372 2991 dholian
391 2937 455 3006 (mit
480 2936 525 3004 ,8.
545 2938 619 3006 die“)
643 2937 719 2991 Flor.
744 2937 813 2992 End.
837 2955 882 2991 aa.
955 2939 980 3008 a)
999 2938 1155 2992 mulieribus
1178 2938 1356 3008 relinquendis

182 3027 258 3080 Flor.
279 3026 347 3081 Eud.
420 3028 448 3096 b)
467 3044 560 3082 eorum
578 3027 642 3080 Hes.
712 3027 736 3096 c)
755 3029 850 3082 missas
868 3027 930 3096 sript
948 3027 996 3080 Br.
1016 3027 1091 3081 Flor.
1111 3045 1164 3092 aaa·
1188 3044 1254 3097 quos
1273 3028 1357 3082 sciant

183 3117 295 3170 feminas
318 3117 428 3186 habere,
457 3117 578 3186 (missam
596 3117 684 3185 Flor.)
704 3120 810 3171 cantare
828 3117 905 3170 Flcr.
920 3117 990 3171 ,aaa
1064 3119 1091 3186 d)
1110 3118 1240 3170 Resides
1260 3118 1356 3172 Scires

182 3205 250 3274 fehlt
272 3205 363 3269 Fror.,·
397 3209 424 3260 ct
455 3207 478 3259 si
505 3223 551 3260 eos
583 3207 705 3260 audirent
737 3206 904 3273 calumniari,
937 3207 1077 3261 veritatem
1104 3207 1166 3261 inde
1194 3208 1358 3276 inquirerent

183 3295 253 3348 Eud.
344 3297 369 3364 e)
394 3298 452 3349 -tos
476 3295 513 3348 M.
528 3295 584 3349 Hic.
670 3297 773 3364 Oden.
797 3295 844 3348 Br.
927 3298 954 3366 g)
973 3297 1069 3350 heeT.
1152 3298 1181 3365 h)
1200 3296 1356 3351 mulieribus

181 3384 258 3437 Flcr.
274 3383 343 3438 Eud.
416 3384 435 3452 i)
455 3384 582 3438 altaribus
591 3384 667 3438 Flor.
679 3385 748 3438 Eud.
826 3386 853 3454 k)
872 3401 919 3455 pro
938 3387 1146 3455 transgressione
1165 3386 1274 3456 praelati
1294 3402 1356 3440 con-

183 3473 236 3528 cilii
255 3474 293 3542 [a.
307 3475 327 3543 ἕ
341 3474 372 3543 2]
391 3473 452 3542 sript
466 3473 535 3528 liud.
556 3474 740 3542 (nichtFlor.)
760 3492 805 3528 aa.
878 3474 897 3543 1)
916 3476 1022 3529 interim
1039 3475 1209 3545 seponitur.
1220 3475 1290 3529 aad.
1309 3493 1354 3529 nu.

181 3565 221 3631 m)
240 3563 295 3633 [10]
319 3563 426 3618 Mobilia
447 3563 582 3632 lapsorum
606 3565 743 3618 tradentur
765 3565 903 3634 episcopis.
922 3564 984 3634 feipt
1003 3564 1073 3619 Eud.
1098 3566 1187 3632 (nicht
1204 3565 1252 3618 Br.
1266 3565 1355 3634 Flor.)

181 3671 227 3707 au.
305 3653 332 3721 n)
352 3651 433 3706 nasa
458 3639 630 3721 marsanam
652 3654 715 3707 rora
739 3654 770 3717 r,·
794 3653 862 3721 feeit
884 3654 922 3707 m
938 3654 992 3708 rra
1031 3654 1089 3708 nae
1115 3656 1199 3709 sacer
1221 3655 1288 3723 aar
1306 3655 1354 3708 er.

182 3742 208 3811 ο)
227 3742 305 3796 lmine
323 3742 427 3796 Zolrlen
441 3742 505 3795 Hss.
561 3745 589 3812 p)
604 3743 666 3812 quia
680 3743 717 3796 M.
774 3744 801 3812 q]
821 3759 917 3797 comm.
933 3743 970 3796 M.
1031 3747 1055 3813 r)
1073 3745 1190 3798 ndum
1246 3746 1270 3812 s)
1289 3744 1356 3812 fehlt

182 3831 220 3884 M.
232 3831 288 3885 ch.

272 3975 298 4042 1)
318 3976 349 4028 A.
362 3975 509 4030 1109-11
529 3975 586 4029 lant
604 3975 664 4045 lclg.
685 3976 739 4029 und
757 3975 852 4028 letzter
866 3977 1047 4045 Anmerlmng.
1084 3976 1128 4031 Sie
1146 3977 1182 4030 ist
1200 3977 1310 4030 benutzt
1327 3978 1355 4030 in

180 4064 267 4134 leges
285 4063 367 4117 Henr.
384 4066 412 4132 Ι7,
434 4067 457 4118 1.
540 4065 567 4133 2)
586 4065 640 4119 Das
664 4081 696 4118 an
716 4065 952 4133 Worcestershire,
972 4083 998 4118 u.
1018 4083 1041 4118 a.
1061 4082 1094 4119 an
1117 4066 1228 4119 Bisohof
1243 4065 1355 4120 Samson

182 4153 316 4223 [†1112]‚
335 4154 477 4208 adressirte
487 4154 630 4222 Exemplar
640 4158 653 4222 (
657 4154 755 4220 Worc.)
776 4155 904 4207 druckten
923 4170 971 4208 aus
990 4155 1037 4208 Ka
1051 4155 1068 4206 f.
1079 4155 1121 4207 41‘
1141 4154 1227 4222 Riley,
1243 4154 1354 4208 Munim.

182 4241 329 4296 Gildhallae
346 4243 428 4297 Lond.
448 4244 487 4310 Il,
503 4244 553 4298 641
574 4245 629 4298 und
647 4243 771 4312 Rymer's
791 4243 906 4298 Foedera
924 4244 950 4312 I,
967 4245 1000 4296 12
1019 4245 1125 4312 (damus
1144 4243 1250 4312 Stnbbs,
1270 4243 1355 4298 Select

182 4334 300 4386 charters
323 4349 348 4401 p.
363 4332 433 4402 104).
471 4334 537 4386 Was
557 4350 609 4387 von
629 4333 717 4388 Worc.
737 4333 878 4403 abweicht,
903 4334 991 4387 druck’
1011 4334 1053 4387 ich
1073 4336 1185 4402 grisser.
