3250 5160
265 316 306 374 80
585 329 803 397 Quadripertitus.
840 329 976 382 Dedicatio
996 330 1119 382 21-24.

264 525 392 589 laudem
416 528 611 609 existimant,
635 529 661 590 si
685 528 763 590 alios
779 529 974 610 vituperent,
999 529 1054 610 qui
1071 527 1308 590 contradicendi
1324 525 1442 605 studio,

265 635 357 716 quasi
388 633 612 698 volutabrum1
644 635 704 697 luti
731 641 867 715 motum,
899 637 997 717 fetore
1020 636 1208 718 gravissime
1232 635 1339 696 vicina
1363 651 1446 714 que-¹

264 759 327 822 que
351 746 561 824 corrumpunt
583 746 614 804 et
637 742 743 823 pravis
760 742 1002 804 distractionum
1020 741 1100 804 odiis
1116 740 1339 824 superaccensi
1356 748 1444 818 sunt,

264 851 416 930 tanquam
437 848 515 912 alios
532 848 670 911 assiduis
685 849 838 911 infamare
858 849 1060 911 rumoribus·
1075 849 1174 932 regali
1190 849 1355 910 maiestate
1370 865 1444 929 per-

265 959 373 1036 petuet
395 974 452 1018 seu
477 956 693 1018 consularium
718 956 851 1043 fascium
876 956 1025 1019 decernat
1047 956 1195 1039 insignia.
1230 953 1296 1038 [21]
1315 953 1350 1016 Si
1367 973 1445 1016 con·

264 1062 400 1144 spiciunt
427 1062 551 1144 aliquos
580 1061 641 1124 sibi
669 1068 819 1126 vacantes
843 1067 861 1124 a
884 1064 1123 1125 conversatione
1146 1062 1266 1146 puplici
1292 1062 1445 1143 strepitus

264 1173 296 1230 ct
319 1168 538 1232 illecebrarum
563 1169 634 1232 labe
659 1167 838 1252 sepositosb,
868 1171 924 1252 qui
949 1170 1112 1234 liberalem
1135 1173 1350 1253 paupertatem
1377 1186 1447 1230 ser-

266 1274 383 1337 vilibus
407 1276 547 1339 audeant
566 1277 844 1339 intermundieiis2
867 1296 1018 1340 excusare
1026 1280 1045 1359 ³,
1074 1279 1172 1339 vitam
1195 1276 1324 1338 illorum
1349 1294 1446 1356 repu-

264 1387 331 1444 tant
363 1383 535 1464 insaniam,
568 1388 599 1445 et
632 1403 769 1465 quorum
806 1383 904 1446 finem
936 1385 1042 1466 gravis
1074 1384 1243 1446 infelicitas
1275 1381 1447 1444 laboriosis

265 1488 389 1552 actibus
406 1495 436 1552 et
452 1490 619 1572 multiplici
635 1509 761 1573 semper
776 1491 993 1572 angustiarum
1009 1509 1126 1574 genere
1142 1489 1299 1553 conficiat.
1330 1487 1399 1570 [22]
1412 1487 1447 1550 Si

265 1596 436 1679 respiciant
459 1597 537 1659 ahos
561 1601 676 1660 aurea4
704 1597 892 1660 deliciarum
920 1585 1153 1660 mediocritatec
1176 1601 1357 1680 provectae,
1388 1595 1447 1677 qui

267 1702 432 1765 lautiorem
462 1704 557 1766 vitam
587 1705 680 1786 sequi
708 1705 759 1766 vel
788 1704 912 1786 aliquos
941 1705 1102 1788 dignitatis
1130 1704 1249 1787 gradus
1274 1708 1306 1766 et
1328 1701 1448 1764 idonea

266 1811 475 1891 promotionis
499 1815 668 1891 augmenta
692 1830 756 1873 non
781 1809 989 1882 abhorreantd
1013 1817 1044 1874 et
1067 1812 1167 1894 magis
1192 1809 1342 1893 prodesse
1366 1829 1448 1891 gau-

266 1916 362 1978 deant
391 1921 420 1980 ot
448 1917 569 2000 aliquid
599 1918 737 1980 audeant
764 1919 846 1980 inter
873 1919 1018 1980 homines
1046 1917 1199 1998 inveniri,
1228 1917 1285 1978 hos
1314 1915 1448 1994 infamio

266 2023 467 2087 denotatione
499 2025 647 2107 polluunt
681 2030 712 2087 et
745 2026 862 2106 eternis
895 2025 1088 2088 cruciatibus
1116 2025 1269 2108 deputare
1302 2023 1448 2106 preiudi-

266 2136 352 2210 eant,
382 2136 532 2214 tanquam
563 2132 652 2194 dives
676 2130 764 2196 Deus
792 2132 928 2194 famulos
957 2132 1071 2194 divites
1098 2133 1214 2195 habere
1238 2151 1304 2194 non
1332 2131 1448 2212 possit,

266 2238 310 2300 ”si
335 2243 458 2301 tantum
488 2258 542 2302 eos
570 2243 695 2321 appetat
723 2239 778 2321 qui
806 2237 913 2302 luctuf
937 2244 968 2302 et
996 2240 1131 2302 miseriis
1159 2238 1315 2323 perditam
1344 2238 1449 2300 vitam

266 2347 351 2427 turpi
380 2345 584 2409 mendicitate
611 2350 789 2408 sustentent
822 2351 852 2408 et
881 2347 937 2427 qui
965 2345 1125 2408 cotidiene
1143 2345 1354 2408 'necessitatis
1388 2345 1448 2407 ali·

266 2457 374 2514 monta
401 2451 568 2514 laboriosis
599 2451 840 2534 fatigationibus
873 2458 1015 2534 semperg
1048 2454 1225 2535 exquirant.
1274 2449 1341 2534 [23]
1376 2450 1448 2514 Nec

266 2558 365 2642 digna
398 2559 650 2622 consideratione
682 2561 852 2640 mirantur,
886 2558 972 2641 quod
1006 2559 1183 2622 humanum
1222 2560 1332 2641 paucis
1368 2559 1450 2620 vivit

265 2685 381 2746 genus,
412 2685 473 2728 nee
505 2667 608 2728 omnis
641 2666 786 2747 voluptas
819 2671 875 2728 aut
907 2665 1091 2729 divitiarum
1128 2666 1228 2748 gloria
1264 2684 1343 2727 mox
1375 2665 1448 2746 ipso

265 2773 394 2834 nemine
421 2772 463 2848 fit
495 2772 636 2853 iufamiS,
668 2772 722 2836 sed
757 2773 862 2854 potius
897 2772 1008 2834 utendi
1040 2772 1134 2835 modo
1169 2771 1359 2834 sustinenda
1392 2770 1448 2832 vel

266 2880 428 2962 arguenda
460 2881 639 2961 sapientum
666 2877 785 2941 iudicio
815 2883 1022 2962 temperatur,
1051 2880 1103 2942 et⁵
1130 2879 1165 2940 in
1193 2879 1282 2941 omni
1305 2879 1448 2959 natione,

266 2986 450 3048 conditione
474 2991 506 3046 et
529 2986 639 3048 ordine
663 2986 720 3067 qui
743 2986 835 3047 timet
858 2983 961 3047 Deum
986 2990 1017 3047 et
1041 2989 1190 3067 operatur
1213 2985 1370 3047 iustitiam
1395 3003 1449 3046 ae-

266 3097 376 3174 ceptus
392 3098 438 3155 est
447 3091 510 3172 Illi,
533 3092 600 3154 sive
615 3090 929 3174 parentibusintimis
945 3091 1086 3153 inferiori
1103 3091 1287 3172 posteritate
1302 3089 1450 3152 tabescat

261 3181 297 3262 'et
321 3195 372 3260 in'¹
396 3199 541 3281 squalido
563 3197 759 3280 paupertatis
782 3197 1042 3259 incommoditate
1065 3196 1240 3274 mendicet,
1263 3201 1300 3259 ut
1324 3196 1365 3258 ad
1381 3197 1448 3276 vite

266 3305 408 3368 subsidia
427 3305 564 3387 presidia
584 3323 708 3386 semper
727 3304 829 3366 aliena
851 3303 1020 3384 desideret,
1044 3323 1101 3366 seu
1120 3323 1313 3386 proavorum
1336 3303 1450 3365 inclita

266 3414 428 3476 maiestate
448 3411 626 3474 celebretur
646 3415 676 3473 et
697 3411 764 3493 ipse
784 3410 909 3493 puplico
929 3410 1080 3473 bonitatis
1099 3412 1249 3493 preconio
1270 3411 1450 3492 decoratus,

266 3519 385 3583 crebris
413 3519 569 3598 honorum
598 3516 851 3600 promotionibus
880 3517 943 3578 late
966 3517 1173 3600 resplendeat.
1231 3515 1298 3599 [24]
1326 3515 1451 3580 Vereor

355 3733 381 3793 a]
405 3731 433 3782 in
457 3729 564 3782 scierint
590 3746 624 3780 aa
649 3733 793 3795 erudirere.
859 3728 886 3786 b]
906 3727 1036 3794 sepositos
1059 3727 1121 3779 Dm.
1196 3729 1221 3791 c)
1245 3728 1361 3780 medroo.
1382 3727 1449 3780 Dm.

267 3824 295 3881 d]
314 3822 374 3874 obh.
395 3821 457 3872 Dra
504 3821 530 3878 et
549 3824 666 3885 eruditae
685 3834 723 3870 ac.
771 3817 901 3879 ltlucatu
921 3816 982 3868 Dm.
1039 3822 1066 3885 g)
1085 3833 1162 3884 seper
1180 3815 1244 3868 Dm.
1300 3817 1329 3884 h]
1348 3817 1448 3884 inqua-

267 3911 319 3964 lide
341 3910 401 3962 Dm.

357 4036 383 4094 1)
402 4035 436 4087 II.
448 4034 520 4086 Petri
531 4034 555 4100 ⁶2,
567 4033 608 4084 22.
674 4032 701 4093 2]
712 4028 997 4083 Weltverhi'rltuissen?
1034 4027 1176 4082 Vielleicht
1193 4029 1244 4081 mit
1257 4029 1450 4082 Reminisoenz

266 4142 299 4178 au
320 4123 443 4192 Epirum
462 4121 663 4174 internarudiis
682 4121 724 4172 bei
744 4119 847 4175 Cicero.
867 4117 927 4169 Nat.
947 4118 986 4169 de.
1007 4117 1028 4175 Ι,
1043 4117 1068 4170 8.
1142 4119 1170 4176 3)
1189 4135 1224 4169 zu
1242 4117 1394 4186 entziehen‚
1415 4136 1452 4171 zu

267 4215 388 4280 u'eigorn.
453 4213 480 4272 4)
504 4208 857 4276 llorazCaun.2‚10‚5.
922 4207 948 4259 5)
968 4207 1025 4258 Act.
1045 4209 1127 4273 apost.
1150 4207 1195 4265 10,
1216 4207 1258 4259 35.
1297 4207 1376 4258 Aueh
1402 4208 1451 4259 das

266 4302 399 4369 Falgemle
418 4301 524 4352 seheint
543 4300 612 4351 noch
632 4314 682 4350 reu
701 4298 774 4364 quad
791 4294 929 4363 abhiingig.
