3250 5160
250 381 290 438 78
569 393 787 462 Quadripartitus.
824 395 961 448 Dedicatio
982 396 1103 449 13-16.

248 592 378 674 gionem
403 611 471 655 osse
495 593 638 674 sibilant,
663 594 815 676 quicquid
838 594 1040 676 procedentia
1062 596 1219 658 malorum
1243 593 1431 676 magisteria

249 704 430 781 potuerunt.
471 697 538 782 [13]
554 699 710 762 Feliciora
724 700 822 764 fuisse
838 706 979 784 tempora
994 720 1053 764 nec
1068 703 1164 764 tantia
1180 719 1282 784 egena
1297 700 1431 782 pluscu-

247 806 288 868 lis
312 807 485 888 pemitiosa
509 807 700 889 curiositate,
724 807 964 890 circumferunt,
987 813 1138 892 tanquam
1162 813 1287 891 tempus
1310 805 1432 888 (quodl

248 919 297 975 est
329 913 481 977 distensio
516 914 652 996 quedam
684 916 772 997 anni,
806 936 869 997 quo
897 935 953 999 per
980 917 1190 978 attentionem
1216 915 1430 998 presentium,

247 1040 305 1104 per
320 1023 505 1084 memoriam
521 1023 752 1105 preteritorum,
767 1041 824 1106 per
840 1024 1099 1107 oxpectacionem
1114 1023 1296 1089 futurorum
1313 1020 1435 1083 distin-

248 1129 368 1210 guitur)
396 1149 509 1211 puram
537 1129 756 1192 benefaciendi
779 1131 975 1194 voluntatem
999 1132 1152 1214 inpediat,
1181 1134 1213 1193 ct
1235 1149 1301 1192 non
1325 1129 1430 1210 magis

248 1236 355 1318 pravis
378 1236 522 1299 moribus
544 1237 758 1319 inputandum
784 1236 936 1320 quicquid
960 1236 1061 1301 aDeo
1085 1257 1141 1320 per
1154 1236 1431 1299 inobedientiam2

248 1348 281 1405 ct
304 1343 599 1406 dissimilitudinem
622 1345 881 1427 prevaricationis
906 1345 1024 1408 alienat
1049 1345 1266 1428 suggestione,
1290 1343 1430 1406 delecta-

248 1451 349 1531 tione,
377 1469 548 1531 conseusu,
572 1452 641 1513 siue
666 1456 735 1514 octo
758 1452 986 1535 principalibus
1009 1453 1107 1533 vitiis,
1131 1471 1191 1534 quq
1215 1454 1292 1513 sunt
1315 1451 1430 1532 gastri-

249 1558 372 1639 margia
389 1557 432 1635 (id
453 1562 501 1620 est
516 1559 637 1621 ventris
652 1558 833 1640 ingluvies),
856 1559 1031 1642 fornicatio,
1055 1560 1194 1638 tristicia,
1218 1577 1302 1620 vana
1318 1557 1432 1640 gloria,

248 1663 380 1744 invidia,
403 1666 458 1745 ira,
482 1665 636 1748 superbia*
656 1667 876 1749 (principium3
899 1667 943 1748 irq
960 1664 1038 1746 Dei),
1061 1666 1256 1729 ‘malorum4
1278 1663 1374 1727 radix
1398 1669 1431 1726 et

248 1773 380 1852 antiqua
402 1772 503 1833 nostri
527 1773 654 1854 generis
668 1772 811 1852 inimica,
836 1793 897 1854 quq
914 1792 987 1834 cum
1004 1791 1182 1854 numquam
1197 1776 1324 1854 appetat
1341 1770 1429 1854 quod

249 1879 413 1959 convenit,
437 1898 613 1961 numquam
638 1878 724 1941 videt
748 1878 834 1961 quod
857 1879 992 1962 expedit
1027 1877 1093 1961 [14]
1110 1878 1223 1942 Patere
1246 1897 1297 1940 me
1319 1882 1427 1957 nostre

249 1985 479 2067 desperationis
503 1991 534 2048 et
557 2004 630 2068 sepe
653 2004 778 2048 mecum
803 1984 1017 2049 succensendo
1040 1986 1289 2068 presumptionis
1304 1985 1429 2046 incom-
1521 2049 1523 2052 ,

247 2091 344 2154 moda
366 2093 556 2175 propensius
579 2093 741 2155 intimare!
790 2091 857 2176 [15]
877 2092 996 2155 Plenus
1020 2099 1068 2156 est
1089 2093 1231 2156 mundus
1255 2111 1429 2174 erumpno-
1522 2164 1526 2172 .

249 2200 292 2261 sis
316 2199 455 2262 lacrimis
479 2205 509 2262 ct
531 2200 702 2282 pressuris,
726 2203 758 2262 et
779 2219 873 2263 nemo
897 2201 1089 2279 considerat;
1114 2219 1173 2263 nec
1197 2204 1246 2263 est
1265 2200 1322 2282 qui
1340 2199 1429 2261 dolo-

247 2325 316 2368 rem
349 2325 442 2368 suum
480 2306 585 2368 verbis
618 2311 673 2368 aut
704 2307 984 2370 lamentationibus
1021 2307 1139 2391 prodat.
1196 2306 1263 2390 [16]
1298 2305 1429 2387 Perfidi,

247 2414 380 2495 periuri,
408 2413 572 2494 malitiosi,
600 2413 755 2494 malivoli,
787 2416 859 2476 totis
891 2414 1028 2477 nocendi
1056 2413 1221 2476 desideriis
1255 2418 1428 2493 estuantes,

249 2520 305 2602 qui
329 2539 455 2603 semper
478 2520 590 2583 alienis
614 2520 740 2583 casibus
769 2522 908 2604 gaudent
936 2525 968 2583 ot
995 2521 1133 2582 maxime
1156 2517 1268 2583 notasb
1293 2520 1427 2582 occultis

249 2628 332 2690 odiis
355 2633 577 2710 persecuntur,
606 2629 661 2710 qui
690 2647 766 2690 sane
788 2628 947 2710 propriam
969 2627 1088 2690 habent
1110 2628 1230 2708 malitie
1253 2628 1429 2710 prerogati-

248 2755 334 2815 vam,
367 2734 460 2797 bonis
492 2754 668 2817 numquam
700 2736 863 2816 morigeri,
896 2740 927 2797 et
955 2755 1093 2817 quorum
1120 2734 1244 2798 facinus
1273 2753 1331 2817 per
1359 2734 1429 2796 dies

248 2842 394 2924 singulos
427 2842 466 2904 ad
500 2841 657 2904 deteriora
687 2841 828 2922 festinat,
861 2841 997 2904 obscura
1028 2843 1245 2905 taciturnitate
1278 2841 1428 2924 suspecti,

248 2949 409 3032 sacrilegi,
433 2968 575 3031 rapaceS,
599 2949 734 3012 adulteri
762 2949 964 3010 maritorume
992 2951 1099 3032 sepius
1123 2949 1329 3012 infamatione
1355 2947 1428 3030 pul-

248 3056 322 3136 sati,
351 3057 408 3138 qui
436 3055 583 3118 dulcibus
612 3052 770 3117 veneriisd
799 3059 830 3116 et
856 3056 1055 3138 voluptatum
1083 3056 1207 3118 miseris
1236 3058 1431 3136 torquentur

248 3162 407 3225 illecebris
415 3164 435 3244 ⁵,
459 3164 515 3245 qui
539 3162 764 3225 nefandarum⁰
787 3161 959 3224 libidinum
980 3162 1209 3245 cupiditatibus
1225 3161 1429 3223 inflamman-

249 3276 302 3331 tur
325 3274 357 3331 et
380 3271 437 3352 qui
460 3271 545 3352 turpi
568 3288 739 3352 puerorum
764 3269 850 3331 coitu
873 3268 1003 3350 pallent,
1028 3270 1083 3352 qui
1098 3268 1286 3332 meretriciis
1302 3266 1430 3330 actibus

248 3376 289 3439 ad
313 3377 456 3438 onmium
480 3375 622 3438 foditates
646 3380 852 3457 exponuntur
868 3380 898 3437 et
918 3376 1013 3438 alieni
1028 3377 1108 3438 iuris
1124 3375 1251 3438 illicitos
1268 3374 1431 3436 invadunt

248 3483 428 3565 amplexuS,
452 3484 508 3565 qui
531 3501 565 3544 se
587 3481 701 3563 lepidis
725 3481 977 3544 affectationibus
999 3483 1215 3562 universantv,
1245 3482 1301 3564 qui
1325 3481 1430 3544 disso-

247 3591 332 3653 lutos
364 3587 635 3652 modulationibus
667 3588 804 3668 inhiant,
838 3589 908 3670 qui,
940 3608 1015 3652 vera
1051 3609 1178 3651 morum
1214 3590 1429 3672 generositate

337 3856 362 3920 a)
382 3854 512 3922 cupiditas
527 3871 564 3905 aa
579 3859 723 3921 erpr'imca.
780 3853 807 3920 b)
817 3853 946 3918 oerdcrbt,
958 3853 1094 3905 nielleiebf
1108 3853 1216 3907 virtutis
1226 3871 1265 3906 aa
1279 3859 1427 3921 erpdnren.

247 3947 272 4011 c)
291 3944 446 3997 meritorum
465 3943 526 3994 Dm.
592 3944 619 4010 d)
643 3944 667 3994 d.
688 3943 708 3995 i,
728 3942 855 3995 venereis.
921 3943 946 4009 e)
966 3943 1109 3996 nefandum
1133 3943 1195 3996 Dan

339 4088 364 4154 l)
383 4086 444 4138 Nur
463 4084 602 4138 inhaltlieh
621 4086 758 4138 vorvvandt
777 4084 826 4136 mit
835 4085 977 4154 Augustin,
998 4085 1131 4154 Conf.Xl,
1143 4087 1185 4139 23.
1238 4085 1265 4153 2)
1276 4085 1337 4153 Vgl.
1360 4085 1428 4139 oben

247 4178 263 4229 9
282 4177 336 4228 und
355 4175 393 4244 II,
415 4177 442 4241 1,
462 4177 486 4227 5.
534 4175 561 4241 3)
580 4174 659 4227 Eccli.
682 4175 725 4240 10,
748 4174 781 4224 14
795 4173 812 4224 f.
868 4176 895 4240 4)
914 4174 1028 4240 Paulus,
1047 4174 1160 4227 rimato.
1182 4175 1255 4243 l,6,
1274 4174 1320 4228 10:
1340 4175 1429 4227 radia

245 4265 386 4318 mulorum
405 4269 444 4315 est
463 4262 614 4330 capuletur.
656 4267 682 4321 b)
703 4262 762 4329 Vgl.
774 4264 863 4329 Argb
884 4263 1070 4330 uoluptatibus
1089 4268 1113 4315 et
1133 4262 1279 4316 illecebris.
1323 4264 1352 4330 6>
1372 4264 1398 4315 d.
1410 4264 1426 4315 i.

247 4353 304 4406 sich
322 4352 463 4420 allgemoin
483 4351 621 4419 hingeben.
660 4351 712 4402 Zur
730 4350 814 4403 Sache
833 4350 885 4418 vgl.
905 4367 960 4404 vor.
980 4353 1019 4412 S„
1039 4354 1117 4404 Anm.
1138 4354 1162 4405 3.
