3250 5160
1346 469 1506 479 —-—-—-

336 373 376 430 84
646 383 865 450 Quadripertitus.
904 385 1097 452 Argumentum
1116 381 1203 434 4-9.

333 555 462 663 bantur,
486 581 648 646 seeundol
671 583 740 645 loco
758 582 796 645 de
817 586 900 646 stetu
916 586 947 644 et
963 580 1094 664 agendis
1113 575 1202 665 regni
1218 581 1300 660 eius,
1323 580 1377 640 1112
1402 577 1508 660 oppri-

335 689 459 753 mendis
488 691 574 752 vitiis
598 694 629 753 et
653 689 807 772 augendis
832 688 1017 782 virtutibus,
1047 686 1200 770 quiequid
1225 687 1360 768 diligens
1383 684 1509 766 sapien-

334 801 401 858 tum
435 796 595 878 indagatio
628 797 729 859 valuit
761 796 959 879 perscrutari.
1007 794 1051 878 [4]
1076 793 1229 890 Habitum
1262 797 1368 855 autem
1398 795 1449 854 est
1481 795 1510 852 et

335 905 478 966 omnium
508 903 765 986 comprobatione
797 904 957 986 signatum
990 907 1151 966 sanctuml
1184 901 1244 964 hoo
1266 905 1298 963 et
1325 897 1510 962 venerabile

333 1011 519 1072 comitium³
542 1009 581 1072 ad
606 1010 733 1072 laudem
757 1015 788 1072 et
810 1010 945 1092 gloriam
964 1007 1033 1086 Dei,
1057 1009 1254 1092 congregatis
1278 1006 1363 1090 apud
1383 1005 1510 1068 Winto-

333 1119 439 1180 niam4
472 1119 568 1180 totius
606 1117 737 1199 Angliq,
773 1114 889 1196 Daciab
925 1116 1115 1200 primatibus
1151 1115 1205 1177 in4
1237 1114 1336 1177 natali
1368 1109 1509 1175 Domini.

336 1224 380 1307 [5]
406 1223 467 1287 Oui
495 1228 619 1286 tantum
647 1224 686 1286 ab
719 1223 868 1287 omnibus
902 1223 1101 1286 observantie
1119 1223 1286 1285 studiumc
1318 1215 1510 1303 inpensumd

336 1336 390 1412 est,
406 1336 442 1393 ut
449 1332 470 1412 ⁵,
485 1331 513 1393 si
529 1332 600 1414 quis
616 1331 675 1393 hoc
691 1332 786 1394 tercia
802 1331 978 1394 temeritate
993 1335 1193 1414 perverteret,
1204 1329 1365 1392 communi
1382 1328 1511 1390 decreto

334 1439 435 1520 patrie
469 1457 542 1500 reus
577 1443 659 1500 esset
691 1439 834 1500 omnium
862 1457 924 1520 que
952 1436 1088 1500 haberet.
1139 1435 1183 1519 [6]
1215 1435 1373 1499 Omnibus
1400 1436 1511 1517 itaque

261 1555 264 1563 '
336 1545 543 1628 solempniter
567 1565 603 1607 ac
632 1544 800 1608 salubriter
827 1544 1006 1626 institutis⁰,
1039 1549 1075 1606 ut
1102 1543 1276 1626 purgandis
1300 1543 1400 1606 animi
1426 1543 1512 1604 vitiis

335 1655 412 1732 (non
435 1653 555 1734 inpune
583 1652 733 1734 gentibus
762 1651 951 1731 cruciandis)
979 1672 1044 1735 pax
1068 1652 1191 1733 quesita
1214 1649 1389 1731 videretur,
1415 1651 1513 1712 tantis

336 1777 369 1820 se
393 1759 582 1841 gaudiorum
608 1758 822 1841 voluptatibus
838 1763 869 1821 et
885 1761 980 1821 tantis
997 1756 1146 1821 Onudusf
1165 1757 1325 1820 subtraxit
1342 1757 1512 1836 illecebris

337 1863 533 1948 Romamque
554 1865 687 1928 celebris
702 1866 889 1948 peregrinus
905 1865 1040 1947 advenit,
1065 1869 1290 1947 eternumqueg
1314 1863 1377 1926 sibi
1392 1883 1512 1926 nomen

334 1991 390 2054 per
422 1973 530 2034 secula
556 1973 645 2051 fecit,
682 1971 736 2034 ubi
765 1977 883 2055 quanta
915 1973 949 2034 in
983 1972 1130 2034 omnibus
1158 1971 1354 2054 benignitate
1387 1973 1512 2051 claruit,

336 2084 493 2161 quantum
515 2079 561 2141 ibi
584 2081 671 2161 genti
694 2086 799 2161 nostre
823 2079 1036 2162 principatum
1052 2081 1181 2161 meruit,
1204 2085 1368 2142 recentum
1385 2098 1513 2162 semper

336 2186 556 2268 exemplorum
580 2187 739 2248 continuis
763 2185 1005 2268 allegationibus
1021 2186 1252 2249 habundamus.
1300 2185 1344 2269 [7]
1362 2186 1446 2248 Iude
1463 2205 1512 2248 co·

333 2293 423 2373 piosa
459 2291 564 2354 laudis
601 2312 637 2355 ac
675 2293 852 2355 dilectionis
889 2290 1128 2375 prosecutione1¹
1160 2312 1319 2374 reversus,
1352 2293 1513 2355 bonorum

339 2399 482 2461 omnium
506 2399 697 2462 testimoniis
722 2404 865 2480 ornatus,
893 2400 1015 2462 felicem
1041 2419 1097 2483 per
1120 2401 1226 2463 omnia
1248 2401 1346 2462 vitam
1369 2400 1512 2482 glorioso

333 2504 398 2568 fine
422 2504 593 2588 complevit
601 2507 621 2566 ⁶.
669 2505 713 2589 [8]
733 2505 775 2568 Et
791 2504 1009 2570 obtinuerunti
1033 2507 1095 2569 sibi
1111 2527 1245 2590 reguum
1261 2507 1379 2590 Anglie
1394 2506 1512 2570 Hercl-

335 2612 394 2674 dus
423 2617 454 2675 et
482 2609 743 2694 Hardeenudusk,
772 2613 861 2695 digni
888 2619 974 2677 tanto
1007 2619 1095 2696 patre
1129 2614 1201 2695 filii,
1234 2615 1346 2677 miram
1378 2620 1511 2697 paterne

334 2719 513 2781 dulcedinis
540 2719 738 2802 flagrantiam
766 2722 1014 2803 circumquaque
1042 2721 1234 2802 redolentes,
1262 2741 1399 2803 quorum
1434 2741 1512 2785 sane
1548 2745 1552 2755 ·

334 2825 528 2908 temporibus
560 2826 604 2888 ita
635 2831 762 2909 paternq
795 2825 1004 2890 liberalitatisl
1036 2829 1187 2890 instantia
1214 2848 1279 2891 non
1312 2827 1443 2910 defecit,
1477 2833 1513 2891 ut

334 2951 485 3014 processu
500 2935 650 3014 temporis
664 2933 819 2996 libertatis
830 2934 991 3016 amplioris
1000 2936 1196 2998 incrementa
1208 2936 1346 2998 sentiret.
1374 2934 1419 3019 [9]
1431 2935 1513 2998 Tan-

337 3039 411 3101 dem
434 3038 780 3121 revocatodadwardO,
803 3040 978 3103 Adelredim
1001 3043 1086 3124 regis
1101 3041 1183 3122 filio,
1206 3042 1365 3106 mediante
1380 3044 1512 3106 Alwino

334 3145 548 3208 Wintouiensi
592 3148 738 3228 episcopo
777 3151 808 3209 et
840 3147 996 3210 chwino
1035 3150 1163 3230 comite,
1205 3151 1387 3213 convocatis
1426 3151 1511 3234 apud

334 3250 582 3314 Hursteshevet¹²
614 3253 715 3315 totius
741 3254 854 3336 Anglie
888 3254 1073 3336 baronibus,
1105 3258 1149 3318 ita
1176 3257 1306 3319 demum
1338 3258 1372 3318 in
1400 3277 1513 3341 regem

335 3359 556 3440 suscipiendus
581 3359 716 3440 auditur,
739 3361 766 3421 si
790 3361 836 3422 eis
860 3359 963 3423 Cnudi
986 3363 1073 3445 leges
1097 3368 1128 3426 et
1150 3363 1290 3426 filiorum
1315 3365 1384 3446 ejus
1401 3365 1513 3428 incon-

334 3465 426 3528 vulsa
453 3465 624 3527 stabilitate
653 3485 711 3527 suo
736 3471 877 3549 tempore
904 3488 1070 3556 mansuras
1099 3471 1271 3533 iuramenti
1295 3472 1513 3535 satisfactione

422 3676 448 3742 a)
472 3677 618 3728 secundum
646 3676 695 3728 hoe
724 3677 751 3728 in
774 3694 799 3730 v.
825 3677 876 3730 Hic.
945 3678 972 3744 b)
995 3679 1072 3750 Datis
1091 3671 1163 3734 vDm.
1233 3683 1257 3750 c)
1282 3683 1347 3736 stad.
1372 3683 1438 3736 Dm.
1459 3683 1511 3736 Hk.

334 3766 362 3831 d)
386 3782 415 3816 so
443 3764 474 3828 Τ,·
507 3764 599 3833 inimp.
623 3765 690 3832 Dm3
719 3766 809 3833 immp.
839 3766 891 3819 ch.
960 3769 985 3835 e)
1008 3769 1105 3822 institis
1129 3769 1191 3822 Dm.
1249 3772 1282 3838 f)
1305 3771 1434 3824 Knuthus
1459 3773 1511 3825 Ha

334 3854 361 3922 g)
380 3871 410 3904 so
431 3854 462 3916 T;
487 3856 521 3906 et.
541 3855 603 3906 Dm.
663 3855 691 3921 h)
711 3871 778 3922 pers.
800 3854 851 3907 Ha.
912 3856 931 3924 i)
951 3859 1003 3924 opt.
1022 3858 1085 3910 Dm.
1146 3859 1173 3926 k)
1193 3860 1293 3912 -uthus
1312 3860 1364 3914 Ha.
1426 3863 1447 3931 l)
1466 3862 1511 3916 lib.

335 3974 367 3980 -
388 3943 514 4010 temporis
533 3943 600 4009 fehlt
610 3943 671 3996 Dm.
684 3943 734 3996 le.
790 3946 827 4013 m)
847 3945 935 3998 Athel.
950 3946 980 4008 T;
998 3946 1084 4013 uther.
1096 3947 1148 4001 le.
1205 3950 1233 4016 n)
1253 3967 1283 4002 so
1299 3950 1332 4014 Τ,·
1352 3950 1431 4004 Hurt.
1444 3951 1512 4013 Dm,-

334 4031 522 4084 Hurteslreved
532 4065 534 4072 1
543 4031 594 4084 le.

425 4157 450 4223 1)
472 4157 574 4209 lusu
594 4157 631 4210 cn
646 4157 688 4210 rr.
754 4159 781 4223 a)
801 4161 858 4211 sus
877 4159 903 4211 n
920 4158 957 4211 cn
977 4159 1026 4214 aa.
1047 4178 1108 4214 zum
1126 4162 1229 4231 Prorog.
1295 4164 1322 4230 3)
1341 4163 1392 4217 mr
1410 4131 1528 4219 uresem'

335 4245 413 4297 Wort
431 4245 536 4313 glossirt
550 4247 638 4298 Veri:
656 4252 745 4314 gemat
763 4248 791 4300 Π
806 4249 843 4300 As
853 4249 894 4302 20.
959 4250 987 4317 4)
1010 4252 1068 4303 Ans
1086 4251 1147 4304 ICn
1158 4252 1202 4304 Pr.
1268 4253 1295 4320 5)
1314 4254 1458 4308 AusHCn
1467 4255 1510 4308 83.

334 4334 361 4400 o)
384 4335 458 4388 ross.
