3250 5160
635 1239 1023 1344 ouauripamtusz

756 1438 915 1445 .-.---

288 1612 453 1668 [tombam]
477 1597 541 1681 [1⁰]
566 1562 627 1659 dln
644 1598 748 1680 specie
768 1597 840 1678 ficta
861 1596 1086 1675 simulationis,
1110 1596 1192 1658 siout
1212 1594 1333 1676 relique
1354 1595 1419 1654 vir-

244 1713 337 1789 tutes,
347 1728 436 1770 amor
450 1726 519 1770 esse
534 1727 600 1769 non
614 1711 730 1789 potest,
746 1706 814 1788 qui,
829 1725 902 1768 cum
917 1705 1068 1785 hodierne
1083 1703 1288 1786 malignitatis
1305 1721 1418 1765 exces-

245 1815 333 1878 sibus
349 1817 501 1877 oontinua
515 1815 783 1897 perstrepentium
803 1813 968 1876 turbinum
985 1813 1179 1895 grassatione
1195 1810 1350 1892 pulsetur,
1372 1809 1420 1870 ita

244 1923 343 1985 nullis
372 1921 600 1984 adversitatum
623 1920 798 1982 livoribusl
822 1919 1003 1999 obatrescit,
1031 1923 1067 1981 ut
1089 1918 1265 1980 amicorum
1289 1915 1419 1978 casibus

245 2030 340 2092 etiam
364 2027 498 2109 singuiis
521 2027 716 2089 informetur.
752 2025 882 2110 [mileo
904 2027 1116 2108 ipsemecum
1135 2027 1299 2106 reputare,
1322 2023 1418 2084 unice

244 2135 316 2216 ubi,
340 2135 431 2218 quasi
455 2133 543 2196 cordi
570 2153 655 2215 mee,
679 2134 800 2216 loquor,
824 2133 979 2196 absonum
1004 2136 1036 2196 et
1059 2150 1208 2194 enervem
1231 2149 1300 2208 mee
1323 2129 1419 2192 rusti-

245 2243 346 2305 citatis
375 2260 553 2304 sermonem
582 2260 648 2302 non
676 2240 880 2320 erubescam,
908 2239 986 2303 dum
1014 2243 1067 2318 tue
1095 2257 1222 2321 paream
1245 2236 1417 2314 voluntati;

245 2350 298 2411 oui
334 2368 385 2412 me
414 2348 535 2410 diutius
563 2347 740 2410 debitorem
767 2347 887 2430 ingenii
921 2347 985 2410 mei
1014 2345 1202 2426 diffidentia,
1235 2342 1418 2406 sollicitudo

244 2456 391 2539 plurima,
405 2473 464 2518 nec
481 2455 601 2537 ubique
616 2454 807 2538 completiva
822 2454 978 2518 desideria
992 2453 1208 2518 reddiderunt.
1243 2450 1286 2535 [3]
1297 2449 1421 2513 Vereor

245 2568 366 2643 tamen,
394 2582 435 2625 ne
459 2561 537 2623 dum
560 2566 613 2641 tue
638 2563 723 2624 circa
745 2539 804 2623 ilos
826 2561 1064 2640 benevolentia0
1084 2561 1240 2643 gratiosus
1269 2577 1338 2621 esse
1364 2557 1420 2620 de-

246 2670 364 2750 sidero,
391 2666 564 2730 ridiculusf
588 2669 748 2751 inveniar,
777 2674 814 2732 ut
842 2674 929 2731 tuam
958 2688 1086 2751 quoque
1115 2670 1235 2749 spectet
1256 2665 1418 2727 iniuriam.
1523 2688 1530 2700 ·

219 2819 223 2826 ·
247 2775 291 2859 [4]
313 2776 400 2858 Opus
421 2776 516 2856 enim,
541 2776 628 2858 quod
652 2777 716 2838 tuis
741 2776 1017 2839 exhortationibus
1041 2779 1073 2839 et
1094 2773 1274 2837 inconsulta
1298 2772 1418 2853 (fateor)

246 2883 474 2966 pollicitatione
512 2884 651 2965 suscepi,
688 2885 793 2946 maius
830 2889 878 2947 est
914 2888 946 2947 et
982 2881 1270 2945 crebrescentium⁸
1302 2879 1420 2941 cotidie

245 2989 402 3051 malorum
430 2991 655 3053 innovatione2
683 2991 847 3072 profusum
871 2989 1186 3072 exaggerationibus,
1215 2987 1420 3070 permutatio-

246 3095 354 3178 nibus,
387 3097 605 3178 permixturis,
637 3117 677 3159 ex
706 3098 872 3180 oppositis,
900 3118 940 3160 ex
970 3096 1129 3159 adiunctis
1152 3115 1260 3159 rerum
1284 3095 1420 3156 circum-

247 3205 389 3284 stanciis‚
421 3205 677 3286 contingentium
710 3205 842 3266 modis.3
904 3203 947 3287 [5]
977 3203 1050 3286 ipsa
1078 3205 1195 3286 quippe
1223 3202 1302 3264 vitia
1334 3205 1422 3263 tanta

246 3310 418 3372 virtutibus
447 3309 599 3374 affinitate
628 3311 799 3373 coniuncta
827 3316 915 3392 sunt,
948 3316 984 3374 ut
1011 3311 1101 3373 tarda
1128 3312 1169 3373 sit
1191 3310 1226 3371 in
1250 3310 1296 3372 eis
1320 3308 1421 3371 disse-

247 3416 352 3498 rendi,
380 3417 544 3479 iudicandi
574 3417 625 3480 vel
649 3418 841 3480 assentiendi
865 3423 948 3480 nota.
996 3417 1040 3500 [o]
1065 3417 1153 3480 Vitia
1177 3435 1306 3499 quoque
1329 3415 1422 3498 plura

247 3528 322 3586 sunt
337 3523 524 3603 virtutibus3
552 3525 607 3586 uni
632 3526 719 3587 enim
736 3525 844 3587 virtuti
870 3525 933 3588 duo
957 3525 1036 3587 vitia
1054 3525 1159 3588 solent
1179 3523 1309 3606 opponi:
1336 3521 1421 3604 quod

247 3636 353 3714 aperte
373 3631 495 3694 scilicet
514 3635 562 3693 est
580 3633 782 3712 contrarium,
802 3636 833 3693 et
847 3632 934 3714 quod
948 3633 1053 3714 specie
1068 3631 1290 3694 similitudinis
1310 3629 1422 3692 obum-

354 3861 379 3928 a)
400 3861 480 3913 Diesc
510 3849 681 3927 llborscbrift
703 3879 760 3913 am
783 3860 816 3913 im
840 3861 880 3926 M,
904 3879 943 3913 mo
967 3862 1031 3914 odor
1062 3861 1125 3913 Ded.
1149 3862 1209 3913 aad
1231 3861 1298 3927 Arg.
1322 3859 1421 3926 soblem.

246 3950 274 4015 b)
295 3949 458 4017 [Garamas]
479 3950 517 4001 ist
535 3950 612 4001 mrem
625 3951 736 4002 Domata.
775 3952 799 4016 c)
819 3951 923 4002 Zolllm
941 3951 1031 4016 folrlrm
1050 3951 1113 4002 Hes.
1152 3951 1179 4018 d)
1200 3948 1346 4002 Dedicate'o
1365 3966 1423 4000 aar

248 4038 281 4089 m
300 4039 365 4101 Dm,
390 4056 429 4090 roo
453 4056 520 4090 mooe
544 4039 617 4106 Laoc
641 4039 882 4106 tmobrscbeinlicb
905 4040 978 4091 ciust
1001 4039 1160 4091 bosoadorcr
1182 4039 1275 4104 Balad)
1299 4038 1419 4105 heymoni.

248 4127 273 4193 e)
294 4127 380 4180 beniv.
400 4127 527 4194 gratiosos
547 4129 608 4180 Dm.
664 4129 828 4195 [indiculos
847 4129 909 4181 Dm.
965 4130 992 4197 g)
1013 4129 1127 4182 crebesc.
1147 4129 1209 4180 Dm.

356 4253 381 4319 1)
392 4251 528 4318 Firmicus,
544 4252 630 4304 Praei.
641 4253 804 4306 Matheseos:
825 4253 973 4305 liberalibus
989 4253 1099 4320 spumis
1114 4253 1269 4306 obotmseit.
1308 4252 1335 4320 2)
1347 4243 1422 4304 lihn-

251 4341 304 4394 lioh
323 4344 385 4408 Arg.
407 4343 438 4393 11
459 4343 513 4393 und
533 4341 585 4393 ΗΠ.
605 4343 633 4408 6,
654 4342 682 4393 2:
702 4359 773 4394 morto
791 4342 909 4394 nocoada'
926 4342 1017 4408 fraus.
1073 4343 1100 4409 3)
1120 4341 1179 4409 Vgl.
1200 4342 1251 4394 ΗΠ,
1272 4343 1296 4409 9,
1318 4344 1341 4394 7.
