3240 5164
309 366 350 426 88
597 375 815 444 Quadripertitus.
856 379 1048 444 Argumentum
1069 377 1190 439 24-27.

1322 469 1490 476 ——-——-

307 594 394 639 nuno
431 574 689 640 veltrariorum⁵1
727 579 882 656 monstra,
921 575 1082 638 falconum
1117 575 1300 656 circinnia2,
1339 573 1490 636 decurio-

308 684 406 746 num³
428 683 562 744 tercias*
586 686 617 744 et
639 681 837 745 nebulonum
860 682 958 745 furias
982 687 1014 746 et
1036 681 1161 746 infinita
1184 681 1341 744 malorum
1374 681 1491 743 discri-

260 805 272 822 ·
307 789 404 869 mina,
418 786 480 852 Dei
493 788 695 852 miseratione
709 807 858 853 mansura
872 789 1048 870 securitate,
1065 809 1129 851 non
1139 789 1298 852 timemus.
1323 787 1391 871 [23]
1403 785 1491 850 Hicb

308 895 468 958 molestias
491 899 523 958 et
545 894 737 977 multiplices
760 900 925 978 potentum
948 895 1095 976 iniurias,
1118 895 1230 958 famosi
1254 894 1420 977 quondam
1438 913 1492 972 se-

307 1005 403 1068 natus
430 1001 659 1083 exhibitione⁵,
687 1001 902 1066 terminamus.
954 1001 1021 1085 [24]
1052 1001 1180 1066 Huius⁶
1203 1021 1313 1085 pacem
1337 1006 1369 1064 et
1392 1001 1491 1063 iusti-

308 1108 390 1186 ciam
412 1107 492 1173 fedis
515 1108 723 1191 gravionum⁷
747 1106 1005 1191 improbitatibus
1028 1113 1060 1171 et
1082 1109 1174 1172 malis
1198 1109 1322 1172 utinam
1346 1109 1491 1170 necessi-

308 1213 426 1278 tatibus
454 1215 525 1277 sinc
547 1215 647 1297 pretio
671 1214 888 1298 subrogamus.
937 1215 1002 1299 [25]
1031 1214 1072 1278 Et
1095 1216 1229 1299 pristino
1254 1216 1328 1279 licet
1349 1216 1491 1297 imperio

307 1321 437 1386 rebellia
460 1326 576 1384 cuncta
598 1321 760 1404 subegerit
783 1327 814 1384 et
837 1322 934 1404 (quod
958 1341 1032 1386 vere
1055 1343 1208 1405 magnum
1233 1323 1290 1402 est)
1314 1341 1392 1405 paee
1410 1322 1492 1384 soli-

308 1425 443 1510 daverit,
467 1428 592 1490 nullum
621 1429 738 1491 mentis
761 1429 874 1510 misere
897 1429 986 1492 virus
1010 1430 1183 1510 inhorruit,
1206 1429 1261 1492 sed
1283 1429 1393 1492 lavore
1413 1449 1493 1512 pro-

307 1534 376 1618 prie
403 1535 575 1598 maiestatis
604 1539 634 1598 et
661 1533 729 1598 Deo
762 1540 849 1618 grate
877 1537 1043 1620 coniugis8
1071 1536 1288 1600 admonitione
1317 1536 1492 1619 multaque

309 1641 518 1704 consiliorum
533 1643 654 1705 ratione
670 1641 826 1723 firmatus,
851 1641 938 1706 dulci
954 1662 1079 1706 morum
1100 1643 1249 1707 facultate
1265 1645 1494 1727 superomnia

309 1749 426 1812 meruit
448 1749 619 1812 honorarit
667 1747 733 1832 [26]
755 1746 857 1824 Quem
880 1749 956 1813 licet
978 1749 1017 1814 ad
1041 1769 1164 1830 summe
1187 1750 1291 1813 laudis
1315 1751 1491 1831 cumulum

309 1840 446 1938 gloriosa
482 1856 658 1938 provehant
695 1857 842 1939 exempla
873 1857 1041 1938 natalium,
1077 1862 1163 1920 tanto
1196 1861 1305 1921 tamen
1336 1859 1492 1941 singidos

309 1962 465 2044 singulari
493 1964 678 2026 meritorum
706 1964 906 2046 prerogativa
933 1963 1085 2046 precedit,
1114 1969 1151 2026 ut
1173 1965 1242 2027 eius
1265 1965 1368 2048 legem
1394 1965 1492 2028 dein-

308 2087 382 2152 ceps
410 2068 544 2132 infinitis
567 2070 746 2132 seculorum
775 2069 963 2133 decursibus
990 2075 1189 2154 posterorum
1211 2072 1331 2154 posteri
1353 2072 1493 2155 publica

309 2175 522 2240 satisfactione
549 2176 720 2259 requirant
768 2175 834 2259 [27]
861 2175 923 2251 Qui
951 2196 1015 2238 non
1039 2177 1142 2240 solum
1165 2177 1269 2260 legam
1293 2180 1376 2261 regis
1389 2169 1491 2241 'Ead-

307 2277 427 2343 roardid
463 2281 556 2345 nobis
592 2281 760 2363 reddidit9,
792 2303 888 2364 quam
926 2284 1013 2345 omni
1049 2282 1240 2366 gaudiorum
1272 2284 1491 2350 delectatione

307 2389 520 2470 suscepimus,
548 2387 616 2461 sed,
645 2387 730 2451 beati
757 2389 857 2471 patris
885 2389 954 2452 eius
986 2388 1261 2454 emendationibus
1293 2391 1490 2474 roboratam,

308 2495 445 2578 propriis
472 2495 726 2558 institutionibus
735 2497 761 2535 1⁰
784 2495 964 2559 honestavit
990 2497 1022 2558 in
1053 2497 1202 2560 omnibus
1231 2518 1292 2580 que
1316 2495 1378 2561 Dei
1408 2505 1491 2563 sunt

396 2743 422 2808 a)
440 2741 485 2794 uel
503 2743 639 2794 tranorum
654 2741 716 2794 Dm.
781 2742 808 2809 b)
827 2741 906 2795 Nunc
923 2759 962 2795 nn
981 2743 1109 2796 beseern?
1143 2745 1170 2797 S.
1183 2745 1282 2813 jedocb
1300 2748 1315 2814 ξ
1331 2745 1374 2800 28.
1413 2747 1491 2800 Hier

310 2830 421 2898 beginnt
439 2830 539 2883 wieder
554 2830 605 2883 He.
661 2831 686 2896 ο)
706 2831 833 2884 honorare
855 2830 908 2884 ch.
986 2834 1013 2900 d)
1036 2833 1111 2886 lldw.
1136 2833 1187 2887 Hb.
1214 2834 1239 2886 Τ.

399 2993 424 3058 1)
443 2990 688 3058 Jagohundwarnr.
767 2992 794 3059 2)
817 2991 1282 3065 Falken[·Aufseher]-Rundg'ange
1310 2997 1420 3051 fiihrten
1447 2999 1490 3052 im

309 3081 479 3133 driiokenden
492 3080 636 3148 Jagdrecht
654 3098 703 3134 zur
717 3081 786 3146 Qual
804 3081 851 3134 der
865 3081 983 3149 Bauern3
1003 3083 1055 3152 vgl.
1067 3083 1206 3154 Ducange,
1226 3084 1324 3138 Glossz
1343 3085 1490 3142 Feteona-

308 3162 419 3222 reorum
438 3169 618 3223 diversiones.
683 3172 710 3238 3)
730 3170 1027 3241 Zehnschaftsmdnner,
1046 3172 1238 3228 Localbeamte.
1294 3176 1322 3242 4)
1340 3176 1491 3231 Entweder

307 3259 351 3310 fiir
373 3263 474 3324 tortus,
499 3258 631 3312 tortiones
655 3259 758 3328 Druck,
783 3259 947 3324 Qutlereien.
991 3261 1061 3315 Odor
1084 3263 1120 3314 ist
1143 3268 1239 3316 tornes
1264 3282 1298 3316 zu
1316 3265 1404 3334 lesen,
1429 3269 1489 3321 und

306 3346 471 3400 meintVerf.
492 3349 541 3400 den
561 3351 636 3401 sonst
653 3351 708 3402 erst
726 3351 813 3417 spater
823 3349 943 3417 (Stubbs,
964 3348 1074 3404 Constit.
1085 3351 1145 3405 hist.
1161 3352 1182 3421 Ι,
1193 3353 1256 3422 398)
1267 3353 1490 3410 nachweisbaren

309 3437 398 3490 Tonrn
417 3436 513 3490 behuls
532 3437 657 3491 Aufsioht
674 3437 741 3491 iiber
759 3438 801 3491 die
818 3438 954 3492 Verbtnde
974 3440 1020 3492 der
1033 3439 1150 3494 Decimo
1168 3443 1209 3495 cel
1223 3443 1350 3511 plegium
1369 3444 1490 3499 liberale

307 3527 370 3595 [ΗΠ.
380 3525 405 3595 8,
422 3526 457 3594 2),
477 3525 519 3579 die
534 3526 562 3594 je
577 3528 662 3580 einem
677 3527 797 3580 Decnrto
815 3529 1023 3582 unterstanden?
1096 3532 1123 3599 5)
1137 3531 1229 3584 Duroh
1243 3532 1419 3603 Herstellung
1437 3537 1489 3590 des

307 3615 562 3672 Witena-Gomotes
585 3616 612 3669 in
631 3616 709 3670 Form
733 3618 780 3669 dor
799 3617 877 3670 Curia
899 3618 981 3687 regis,
1008 3618 1050 3671 die
1074 3621 1134 3672 dem
1153 3621 1238 3674 Volke
1257 3621 1342 3674 Recht
1365 3625 1489 3692 gewdhrt

305 3721 388 3774 gagen
407 3704 583 3760 willkiirlicho
601 3706 787 3776 Bedriichung.
851 3708 878 3775 6)
897 3707 1038 3760 Heinrichs
1056 3709 1077 3761 I.
1098 3711 1160 3762 oder
1178 3710 1263 3764 seines
1285 3711 1486 3781 Obergerichts,

307 3796 333 3863 7)
357 3795 432 3847 Grae
461 3797 530 3848 setzt
549 3795 622 3848 Veri.
646 3796 715 3850 auch
738 3796 791 3848 VII
810 3798 860 3849 Atr
879 3797 944 3865 2,5
972 3797 1036 3867 irrig
1054 3799 1097 3850 fiir
1113 3799 1216 3866 gerefn.
1255 3800 1314 3868 Vgl.
1335 3801 1388 3855 ΗΠ.
1411 3806 1434 3872 7,
1455 3805 1486 3857 2:

304 3883 475 3952 praeconum
490 3884 629 3952 prauitas.
685 3885 712 3952 8)
731 3885 860 3939 Mathildo
879 3885 914 3954 H,
933 3887 1117 3956 †1118;vgl.
1137 3888 1260 3957 Eadmer,
1279 3889 1349 3943 Nor.
1361 3891 1409 3945 IV.
1431 3894 1485 3962 (ed.

306 3973 375 4028 Rule
395 3974 456 4041 173)
476 3990 510 4026 zu
522 3973 602 4027 1105:
621 3973 765 4028 liscelisoh
784 3975 927 4043 bedr'angte
948 3975 1090 4029 Geistliehe
1109 3977 1238 4045 reginem
1256 3978 1485 4036 interventricem

305 4061 451 4131 flagitant;
479 4062 532 4115 ille
547 4062 652 4130 pietate
670 4068 753 4118 rnotn.
818 4064 845 4131 9)
865 4065 921 4117 Aus
941 4064 1013 4118 CHn.
1034 4067 1127 4134 (unten
1145 4067 1184 4136 ΙΙ,
1205 4068 1245 4136 2),
1266 4069 1295 4137 2,
1314 4071 1343 4121 4:
1374 4071 1485 4140 Lagona

307 4151 443 4204 Edwarde'
465 4151 539 4219 repis
562 4151 637 4204 cobis
661 4153 742 4206 reddo
762 4171 825 4206 cnm
849 4153 911 4206 e'lle'e
929 4154 1170 4209 emendationibus
1189 4157 1290 4224 qne'bnr
1309 4177 1371 4212 enne
1391 4179 1483 4215 emen-

306 4240 382 4293 dnoe't
401 4246 484 4309 pater
506 4257 599 4300 maetam
628 4242 680 4311 rgl.
706 4243 774 4296 auch
798 4246 880 4296 untcn
903 4243 942 4310 H,
963 4245 990 4305 1,
1012 4244 1044 4295 12
1068 4246 1123 4297 und
1147 4246 1189 4298 die
1213 4247 1309 4300 andere
1329 4249 1429 4304 Charta
1448 4252 1483 4320 ll,

309 4330 353 4399 19,
376 4331 402 4397 l,
421 4331 446 4382 4.
503 4331 546 4398 10)
566 4330 657 4384 Unten
675 4332 710 4400 H,
731 4333 759 4399 23
780 4333 820 4386 19.
